2392 3922
355 125 446 177 ursa.
465 125 618 177 Amnum.
637 129 663 189 1,
678 85 706 177 a.
725 129 750 176 4.
997 126 1036 190 13

68 298 114 357 nis
134 296 269 356 haerent.
299 295 394 356 Erunt
415 314 502 373 ergo,
527 313 667 354 numeros
689 298 785 372 prima
806 314 880 374 quae
902 298 1033 374 iungant,

67 382 104 442 ad
120 380 314 441 substantiam
336 380 455 458 quidem
478 397 553 458 quae
576 388 710 439 constent
724 397 900 460 semperque
916 400 1034 459 perma-

67 473 167 525 neant.
198 464 300 544 Neque
317 468 394 526 enim
412 484 448 524 ex
464 482 526 523 non
541 462 767 524 subsistentibus
784 465 860 524 ellici
876 467 1033 542 quicquam

67 558 166 626 potest
183 557 210 609 et
225 558 295 610 sunt
310 551 373 628 ipsa
385 546 537 609 dissimilia
554 555 583 606 et
598 549 728 625 potentia
744 550 938 624 conponendi.
956 551 1034 611 llaec

67 643 164 694 autem
192 642 277 702 sunt,
306 633 414 710 quibus
441 649 583 691 numerus
609 638 739 698 constat.
767 650 822 710 par
844 641 930 708 atque
951 636 1061 712 inparo

68 736 145 798 quae
166 719 264 778 divina
286 717 415 796 quadarn
437 717 583 793 potentia,
606 733 672 776 cum
695 715 823 794 disparia
845 718 904 775 sint
919 727 1034 778 contra-

65 806 185 882 riaque,
214 821 251 862 ex
276 820 335 861 una
365 809 461 861 tamen
490 802 622 875 genitura
645 800 813 879 profluunt,
845 810 874 860 et
896 803 926 860 in
948 819 1035 861 unam

67 887 314 964 compositionem
332 883 620 961 modulationemque
636 884 808 962 iunguntur.

109 1077 244 1148 Definitio
261 1081 288 1131 et
302 1078 400 1132 divisio
416 1078 530 1131 numeri
544 1083 570 1131 et
586 1078 712 1147 definitio
723 1078 812 1147 paris
828 1082 856 1130 et
871 1078 992 1146 inparis.

132 1205 179 1266 lll.
209 1205 245 1266 Et
270 1207 399 1284 primum
429 1206 500 1285 quid
526 1207 563 1265 sit
589 1224 732 1266 numerus
756 1204 956 1266 definiendum
980 1215 1031 1266 est.
1049 1222 1074 1260 10

65 1290 213 1351 Numerus
235 1299 279 1352 est
300 1292 445 1350 unitatum
467 1289 619 1358 collectio,
649 1290 692 1350 vel
720 1292 890 1366 quantitatis
911 1308 1034 1350 acervus

64 1395 100 1436 ex
116 1375 277 1435 unitatibus
298 1374 447 1454 prolusus.
478 1374 572 1435 liuius
593 1375 681 1452 igitur
704 1377 798 1453 prima
821 1373 922 1434 divisio
946 1381 989 1434 est
1005 1375 1032 1434 in

63 1462 199 1539 inparem
221 1468 307 1539 atque
331 1477 445 1536 parem.
475 1459 512 1519 Et
527 1478 580 1538 par
596 1458 714 1539 quidem
732 1469 789 1529 est,
813 1460 862 1535 qui
884 1467 982 1537 potest
1003 1460 1033 1518 in

66 1544 197 1621 aequalia
219 1545 278 1604 duo
300 1543 403 1612 dlvidi,
429 1562 487 1605 uno
504 1544 601 1604 medio
625 1562 684 1604 non
706 1543 924 1612 intercedente,
949 1545 1033 1622 inpar

65 1647 147 1698 vero,
172 1647 258 1706 quem
281 1627 377 1688 nullus
399 1630 428 1688 in
449 1627 582 1706 aequalia
598 1628 700 1688 dividit
716 1649 765 1698 eo,
789 1628 866 1706 quod
889 1630 919 1686 in
935 1628 1032 1688 medio
1047 1645 1073 1682 ra

63 1714 232 1791 praedictus
255 1731 331 1773 unus
352 1714 523 1773 intercedat.
560 1712 597 1772 Et
618 1713 692 1772 haec
717 1713 835 1791 quidem
864 1711 1033 1773 huiusmodi

63 1797 195 1856 delinitio
211 1797 339 1872 vulgaris
356 1805 383 1857 et
398 1804 467 1857 nota
485 1805 539 1857 est.

85 1985 222 2056 Definitio
238 1987 352 2039 inumeri
363 1987 448 2055 poris
465 1989 491 2038 et
505 1986 620 2054 inparis
635 1985 790 2038 secundum
806 1984 1012 2056 Pptboporom.

127 2114 189 2176 llll.
219 2113 272 2174 llla
294 2121 393 2174 autem
416 2112 578 2174 secundum
602 2111 822 2192 pythagoricam
845 2110 1032 2191 disciplinam

62 2198 129 2260 talis
145 2208 204 2260 est:
222 2217 275 2277 par
291 2216 431 2260 numerus
447 2206 505 2268 est,
522 2199 572 2278 qui
588 2195 643 2258 sub
660 2197 763 2258 eadem
779 2198 920 2258 divisione
936 2204 1033 2275 potest
1045 2214 1071 2253 ao

61 2286 92 2345 in
114 2287 240 2344 maxima
263 2285 492 2363 parvissimaque
515 2281 616 2350 dividi,
639 2284 765 2342 maxima
786 2283 896 2361 spatio,
918 2284 1030 2360 parvis·

62 2369 137 2428 sima
154 2370 314 2447 quantitate
330 2367 492 2429 secundum
509 2367 636 2428 duorum
659 2370 782 2428 istorum
799 2385 942 2446 generum
960 2386 1030 2428 con-

60 2453 168 2513 trarias
183 2453 344 2532 passiones.
375 2453 463 2532 lupar
483 2470 553 2512 vero
575 2470 717 2512 numerus
739 2460 798 2521 est,
822 2454 870 2512 cui
892 2452 948 2511 hoc
965 2453 1030 2529 qui·

62 2537 129 2597 dem
157 2537 292 2598 accidere
313 2555 372 2596 non
395 2545 508 2616 potest,
535 2536 586 2596 sed
610 2539 693 2597 cuius
715 2539 743 2596 in
767 2537 839 2598 duas
860 2536 1030 2613 inaequales

118 2708 131 2754 1
150 2706 223 2770 Ergo
241 2711 320 2756 erunt
336 2705 355 2756 1.
369 2703 380 2771 Η
396 2721 476 2769 supra
493 2702 615 2756 oersmnl
632 2721 707 2755 orum
725 2706 753 2754 id
768 2714 807 2755 eet
819 2719 990 2755 numerorum
1004 2705 1029 2761 b,

62 2787 237 2822 numerorum
254 2780 279 2823 et
296 2777 321 2823 in
334 2779 446 2838 morpine
459 2787 586 2822 numeros
600 2788 620 2825 r.
643 2769 656 2838 Η
680 2789 731 2837 que
744 2773 764 2821 f.
787 2768 799 2838 Η
824 2773 994 2835 coniungant
1012 2771 1031 2820 f.

60 2843 76 2890 2
90 2845 220 2890 constant
233 2855 262 2902 a,
276 2856 303 2903 c,
317 2856 339 2890 s.
376 2844 496 2892 ttamen
509 2856 543 2889 ex
555 2855 610 2890 una
624 2855 652 2901 o,
667 2840 691 2903 f,
705 2849 727 2889 s2
751 2836 763 2903 Η
784 2842 912 2904 genitura
926 2841 952 2888 in
964 2856 1031 2888 mor·

58 2910 119 2974 pirae
139 2924 163 2956 a.
233 2909 463 2973 9Insoriptionem
480 2909 592 2958 secunda
609 2925 696 2957 maniis
714 2909 817 2956 addidit
834 2906 896 2956 ind
919 2903 930 2972 Η
955 2906 1030 2956 Defi-

61 2977 132 3025 nitio
158 2978 187 3026 et
204 2991 250 3026 om.
270 2976 290 3027 f.
314 2981 343 3027 et
359 2975 483 3026 definitio
502 2992 549 3026 om.
570 2992 598 3036 c,
617 2991 644 3040 r,
664 2992 677 3026 s
700 2972 711 3041 Η
736 2973 896 3024 differentia
913 2975 990 3040 paris
1009 2974 1029 3026 f.

61 3045 91 3092 11
110 3043 247 3093 Numerus
267 3045 339 3094 enim
358 3045 378 3094 f.
436 3046 468 3096 13
487 3047 530 3094 est
548 3043 657 3108 quidem
675 3043 694 3095 f.
749 3043 781 3091 14
804 3043 990 3093 intercidente
1008 3041 1028 3090 f.

60 3113 92 3160 16
110 3111 260 3162 intercidat
277 3112 311 3173 b,
330 3112 354 3174 f,
374 3111 398 3173 1,
418 3128 439 3162 a.
511 3113 543 3162 18
556 3112 754 3177 inscriptionem
772 3125 820 3162 om.
839 3109 864 3162 d.
888 3108 900 3175 Η
924 3108 1031 3159 numeri

59 3194 108 3228 om.
126 3178 153 3242 f,
166 3178 188 3240 1,
203 3194 224 3231 r.
295 3181 327 3228 21
346 3178 472 3231 dividi..
487 3214 494 3227 .
514 3181 674 3242 quantitate
686 3183 713 3228 in
725 3179 838 3241 morpine
857 3180 990 3242 superiore
1004 3175 1029 3224 d.

47 3243 76 3317 ΙΗ
92 3246 311 3311 parvissimaque
333 3249 489 3312 quantitate
502 3247 522 3296 f.
587 3249 620 3296 22
638 3248 753 3296 istorum
767 3245 906 3294 duorums
929 3241 940 3310 Η
964 3244 1030 3292 duo-

58 3327 118 3362 rum
135 3317 254 3367 correoeit
275 3317 301 3364 in
320 3315 401 3364 duum
420 3330 445 3364 a.
532 3317 565 3364 23
578 3320 606 3364 et
618 3317 651 3365 24
675 3314 851 3375 Definitionem
868 3313 967 3376 inparis
986 3327 1030 3358 nu-

58 3383 231 3446 meritoriae
249 3385 343 3447 cupitis
361 3383 432 3432 buius
449 3383 574 3432 collocant
598 3397 625 3445 o,
645 3382 674 3443 d,
694 3381 831 3443 f‚l‚r,s.
860 3375 871 3442 Η
905 3378 957 3428 hec
975 3377 995 3425 f.
1016 3373 1028 3437 Η

57 3446 130 3498 idem
143 3450 175 3514 d,
188 3449 211 3509 l,
225 3466 246 3504 s.
298 3453 332 3499 24
344 3449 481 3500 accedere
495 3465 520 3499 a.
