2392 3922
172 139 213 202 5ss
472 138 563 188 rnsr.
582 139 735 189 auruum.
753 140 780 202 r,
800 142 844 192 aa.

173 319 205 370 ut
234 310 271 368 sit
300 307 464 386 subduplex
495 307 763 384 superbipartiens,
802 307 967 386 subduplex
997 313 1145 388 supertri-

172 396 313 473 partiens,
782 404 797 432 ⁰

172 583 384 641 Demonstratio
400 583 633 654 quemadmodum
654 585 744 638 ommis
758 584 955 654 inaequalitas
981 583 1018 638 ob
1035 599 1144 657 aequo-

513 668 594 722 litate
613 670 799 736 processerit.

148 832 160 871 5
238 814 354 876 XXXll.
379 813 481 874 Restat
496 820 594 873 autem
611 812 699 872 nobis
715 813 977 890 profundissimam
993 815 1143 890 quandam

172 899 292 960 tradere
309 897 510 974 disciplinam,
534 915 610 974 quae
626 897 662 956 ad
679 915 798 957 omnem
813 905 936 957 naturae
953 899 1010 957 vim
1026 917 1144 961 rerum·

174 1001 231 1061 que
245 985 444 1060 integritatem
458 983 585 1041 maxima
597 983 713 1041 ratione
725 983 881 1059 pertineat.
898 981 1019 1059 Magnus
1033 986 1144 1062 quippe

173 1072 203 1129 in
219 1069 275 1127 bac
291 1068 414 1127 scicntia
430 1065 543 1125 lruetus
559 1074 617 1135 est,
635 1067 659 1125 si
676 1067 742 1141 quis
759 1083 817 1125 non
834 1066 960 1140 nesciat,
985 1068 1067 1144 quod
1089 1068 1141 1130 bo-

173 1155 248 1212 nitas
270 1150 390 1209 definita
414 1158 443 1209 et
463 1149 517 1209 sub
540 1151 692 1210 scientiam
715 1149 823 1210 cadens
845 1152 1001 1230 animeque
1022 1170 1144 1230 semper

134 1233 323 1294 inimitabilis
345 1243 373 1293 et
393 1234 595 1313 perceptibilis
616 1235 711 1311 prima
736 1240 840 1294 natura
863 1241 907 1295 cst
929 1243 958 1295 ct
978 1253 1049 1295 suae
1072 1237 1144 1298 sub·

173 1320 296 1379 stantiae
313 1318 422 1378 decore
438 1324 597 1396 perpetua,
619 1319 766 1382 inlinitum
782 1337 852 1379 vero
868 1319 997 1380 malitiae
1012 1318 1147 1382 dedecus

174 1411 232 1476 est,
257 1401 347 1462 nullis
369 1405 498 1481 propriis
519 1404 672 1481 principiis
688 1405 804 1472 nixum,
827 1403 879 1463 sed
900 1412 1006 1464 natura
1021 1423 1144 1485 semper

174 1505 277 1546 errans
293 1507 307 1546 a
324 1486 394 1547 boni
411 1486 582 1547 definitione
604 1489 743 1565 principii
763 1495 912 1565 tamquam
935 1486 1033 1566 aliquo
1056 1491 1145 1568 signo

173 1572 300 1648 optimae
327 1571 438 1647 figurae
463 1573 597 1648 inpressa
621 1573 808 1649 componitur
841 1579 869 1632 et
895 1590 929 1631 ex
957 1570 1008 1632 illc
1031 1575 1145 1635 erroris

134 1666 159 1706 15
172 1654 263 1715 lluctu
281 1657 436 1715 retinetur.
464 1655 538 1715 Nam
552 1657 673 1715 nimiam
691 1656 882 1735 cupiditatem
896 1657 1020 1733 iraeque
1035 1658 1142 1719 immo·

174 1739 268 1799 dicam
286 1739 510 1800 effrenationem
526 1741 609 1817 quasi
626 1738 745 1816 quidam
758 1748 857 1800 rector
873 1742 989 1800 animus
1004 1760 1080 1820 pura
1097 1745 1143 1802 in·

172 1823 342 1902 tellegentia
364 1823 522 1885 roboratus
543 1823 714 1903 adstringit,
738 1833 767 1885 et
789 1825 843 1885 has
859 1825 1080 1903 quodammodo
1097 1829 1142 1887 in·

173 1909 359 1986 aequalitatis
383 1910 496 1970 formas
522 1916 686 1989 temperata
715 1908 846 1970 bonitate
871 1910 1031 1970 constituit.
1079 1911 1142 1972 Hoc

173 2002 272 2055 autem
289 1996 347 2055 erit
366 1996 572 2073 perspicuum,
596 1996 621 2054 si
637 1993 857 2072 intellegamus,
880 2012 984 2054 ornnes
999 1995 1141 2072 inaequa-

133 2093 158 2132 20
172 2078 261 2140 litatis
276 2081 391 2158 species
412 2078 448 2139 ab
464 2079 648 2158 aequalitatis
665 2082 793 2139 crevisse
814 2077 1000 2156 primordiis,
1025 2088 1057 2140 ut
1078 2081 1141 2158 ipsa

175 2163 392 2242 quodammodo
421 2164 579 2239 aequalitas
605 2164 708 2222 matris
735 2171 763 2223 et
788 2162 897 2223 radicis
924 2161 1062 2224 obtinens
1083 2166 1141 2225 vim

171 2250 235 2324 ipsa
256 2265 359 2307 omnes
380 2246 599 2322 inaequalitatis
626 2247 741 2324 species
768 2246 949 2323 ordinesque
970 2247 1140 2325 profundat.

173 2331 238 2389 Sint
253 2333 332 2390 enim
349 2329 433 2388 nobis
447 2338 509 2389 tres
530 2328 668 2407 aequales
688 2333 823 2399 termini,
845 2330 875 2390 id
898 2340 942 2391 est
962 2338 1025 2392 tres
1046 2335 1140 2393 unita·

171 2420 231 2481 tes,
255 2413 300 2472 vel
316 2423 361 2473 ter
382 2411 444 2471 bini
460 2413 505 2472 vel
520 2422 566 2473 ter
584 2415 660 2473 terni
677 2412 720 2473 vel
742 2421 786 2474 ter
803 2417 938 2491 quaterni
953 2416 999 2476 vel
1015 2425 1142 2495 quantos

134 2509 158 2548 25
172 2497 248 2557 ultra
273 2496 344 2557 libet
365 2515 486 2575 ponere.
523 2497 614 2571 Quod,
637 2499 715 2558 enim
742 2501 772 2558 in
802 2501 869 2560 unis
889 2500 985 2560 tribus
1004 2503 1141 2561 terminis

239 2717 254 2762 2
273 2716 337 2764 Post
355 2716 600 2780 supertripartiens
618 2717 692 2765 addit
708 2717 721 2765 1
727 2733 732 2765 :
756 2718 792 2766 Et
810 2732 903 2767 rursus
921 2716 1078 2781 subduplex
1096 2734 1141 2769 su·

174 2781 399 2846 pertripartiens,
418 2782 570 2848 subduplex
584 2784 898 2849 superquadripartiens.
969 2788 984 2835 3
1006 2784 1104 2836 Titulus
1115 2789 1141 2835 in

172 2852 285 2913 morqtne
304 2851 397 2914 lapiton·
415 2852 440 2899 in
459 2849 485 2898 d.
557 2852 572 2900 5
591 2851 711 2900 ·xxxn·
731 2867 777 2901 em.
796 2852 821 2914 1,
839 2852 862 2911 1,
881 2868 905 2902 r.
975 2854 1097 2902 'lmixta
1116 2859 1141 2902 et

171 2933 251 2996 supro
269 2933 366 2968 uernum
383 2914 396 2968 l
413 2919 532 2967 maxima
551 2933 572 2968 s.
609 2922 624 2969 9
643 2917 765 2999 diffinita¹
776 2923 819 2999 est
837 2935 863 2982 a,
882 2920 909 2982 b,
930 2935 952 2980 e,
971 2919 990 2982 l,
1010 2935 1030 2969 r.
1068 2922 1098 2970 11
1112 2919 1141 2968 in

170 2984 351 3109 llfillllmd’
372 2985 398 3049 a,
410 3001 441 3103 1⁰3²
460 2985 495 3102 lt
507 2982 826 3113 stillidiiuitllllstie
838 2987 917 3119 rl'al’
934 2987 1080 3118 latit}
1092 3003 1141 3103 tt

170 3136 265 3170 rasura
284 3122 391 3170 deletum
410 3122 491 3170 estin
514 3138 534 3171 s.
606 3123 638 3171 14
656 3122 777 3172 obtimae
797 3138 821 3181 a,
840 3122 857 3170 l.
881 3118 893 3187 ΙΙ
918 3123 1053 3187 impressa
1071 3121 1141 3186 fign—

171 3203 218 3236 rae
237 3204 258 3237 r.
287 3184 298 3253 ῙΙ
328 3189 450 3248 terroris,
475 3193 486 3237 t
508 3189 603 3249 oblito,
630 3205 653 3238 a.
760 3191 791 3238 16
816 3187 908 3254 quasi]
934 3203 1001 3253 quos
1025 3204 1095 3238 corr.
1114 3191 1141 3238 in

172 3256 250 3318 quasi
269 3271 293 3305 a.
366 3258 396 3306 tr
417 3258 594 3321 astringite,
614 3257 632 3306 l.
716 3259 747 3307 18
762 3257 849 3307 ferma
868 3257 887 3305 1.
911 3252 923 3322 ll
947 3260 1104 3320 temperata
1117 3272 1140 3306 r.

77 3380 91 3389 ἡ
170 3325 202 3371 21
222 3325 350 3388 aequitas
370 3339 395 3382 a,
414 3324 439 3385 b,
455 3339 477 3385 c,
491 3325 516 3385 d,
530 3325 548 3385 l,
561 3341 584 3390 r,
604 3341 629 3386 s;
650 3325 790 3389 aequitas,
811 3324 839 3373 el
856 3340 938 3388 supro
956 3325 1102 3387 inemptis,
1119 3323 1140 3373 1.

170 3392 203 3440 23
222 3390 279 3440 ·111·
298 3408 321 3444 r.
390 3394 423 3442 24
442 3397 561 3444 tres...
581 3397 637 3441 tres
656 3428 706 3444 ...
726 3396 783 3442 tres
802 3408 833 3455 a,
853 3392 886 3454 b,
907 3392 932 3455 d,
951 3392 972 3454 1,
990 3391 1014 3453 1;
1034 3391 1140 3444 III...

170 3457 231 3512 III.
247 3500 252 3512 .
267 3495 273 3507 .
290 3459 342 3511 111.
360 3475 382 3511 r.
435 3462 468 3510 25
481 3460 553 3509 enim
565 3475 612 3512 om.
632 3459 650 3511 1.
674 3455 685 3525 ῙΙ
708 3460 737 3508 iu
749 3457 823 3525 unis]
838 3459 960 3509 minuitis
975 3474 1000 3519 a,
1013 3460 1100 3508 inutis
1116 3473 1139 3508 r.
