2392 3922
430 137 523 189 INST.
542 135 694 187 ARITHM.
713 134 750 199 1,
760 139 801 188 te.
1017 135 1029 143 ”
1058 133 1101 200 29

131 310 278 371 terminus
293 308 448 367 invenitur.
493 307 530 366 At
548 324 617 366 vero
634 304 685 365 ubi
699 305 772 366 duas
790 307 963 369 medietates
977 305 1099 377 liabent,

129 402 277 470 utraeque
313 393 514 453 extremitates
555 392 673 450 iunctae
718 391 852 468 utrisque
891 391 1100 452 medietatibus

132 476 271 556 aequales
286 478 373 547 liunt,
395 483 429 536 ut
446 475 517 535 ·Xll·
543 481 572 534 et
594 473 743 542 ·xxxvt„
767 492 834 534 cum
856 476 1001 550 iunxeris,
1024 476 1100 537 fiunt

133 561 265 622 ·XLVlll·
300 562 414 622 Horum
443 561 467 620 si
488 558 662 618 medietates
688 557 810 618 sibimet
837 558 1042 638 applicaveris,
1070 559 1099 620 id

132 654 176 706 est
193 645 263 706 ·XX·
281 654 311 707 et
327 644 480 712 ·XXVlll·,
503 642 581 701 idem
597 643 661 703 erit.
699 646 793 719 Atque
813 643 843 702 in
866 643 920 703 alia
936 651 1019 722 parte
1036 644 1126 705 lati-⁶

131 731 240 791 tudinis
257 730 362 791 eodem
379 729 485 788 ordine
501 728 550 804 qui
571 727 646 785 liunt
660 728 779 786 numeri
795 727 886 787 notati
902 736 983 796 sunt,
1004 745 1101 807 neque

130 814 188 875 ulla
204 816 235 874 in
251 834 284 875 re
307 816 385 874 ratio
403 814 555 889 utriusque
576 809 737 872 latitudinis
754 810 947 889 discrepabit;
963 812 1101 891 idemque

130 902 160 959 in
188 898 294 959 eodem
321 896 426 956 ordine
451 897 480 955 in
502 897 607 956 ceteris
629 897 761 955 numeris
781 895 968 975 pernotabis;
996 903 1026 956 et
1045 896 1102 956 boc

132 983 296 1043 secundum
313 980 437 1040 sormam
453 982 564 1060 pariter
578 981 691 1058 inparis
707 981 824 1040 numeri
840 981 885 1051 lit,
902 982 933 1040 in
950 998 1009 1060 quo
1025 980 1102 1040 banc

132 1067 345 1145 proprietatem
363 1082 426 1125 esse
442 1082 529 1144 supra
545 1065 603 1125 iam
619 1065 731 1126 dictum
747 1073 800 1125 est.
1115 1078 1141 1117 10

195 1150 310 1211 Rursus
326 1149 350 1209 si
366 1150 400 1210 ad
422 1148 635 1226 longitudinem
651 1151 810 1228 respicias,
837 1148 888 1209 ubi
904 1150 962 1211 duo
981 1150 1102 1210 termini

132 1253 221 1296 unam
238 1234 426 1296 medietatem
442 1232 570 1304 habent,
592 1234 673 1313 quod
689 1234 721 1294 tlt
736 1253 771 1294 ex
787 1232 986 1313 multiplicatis
1002 1243 1100 1295 extre·

130 1318 298 1389 mitatihns,
314 1319 372 1379 hoc
387 1320 434 1388 fit,
451 1319 476 1378 si
491 1318 608 1379 medius
623 1320 770 1380 terminus
782 1335 853 1379 suae
869 1319 965 1396 capiat
979 1317 1100 1396 plurali-

131 1406 197 1464 tatis
208 1412 377 1483 augmenta.
395 1404 469 1464 Nam
482 1403 643 1464 duodecies
654 1402 787 1464 ·XLVlll·
802 1401 913 1464 iaciunt
924 1402 1098 1471 ·DLXXVl·;

131 1489 245 1549 medius
260 1506 330 1548 vero
347 1506 451 1548 eorum
467 1490 626 1558 termium,
651 1487 680 1548 id
697 1495 742 1548 est
765 1487 888 1549 ·XXllll·
912 1489 937 1549 si
957 1486 1099 1566 multipli·
1114 1498 1140 1538 1⁶

131 1581 230 1643 cetur,
248 1573 368 1632 eosdem
384 1590 488 1633 rursus
512 1572 669 1633 ·DLXXVl·
690 1571 870 1651 procreabit.
901 1572 938 1632 Et
957 1589 1061 1633 rursus
1076 1573 1102 1632 sl

132 1673 256 1734 ·XXllll·
279 1675 309 1732 in
327 1674 432 1736 ·XCVI·
449 1673 691 1753 multiplicentur,
714 1673 825 1734 laciunt
843 1659 881 1733 Π.
917 1674 993 1736 CCC.
1026 1673 1099 1743 llll,

131 1777 256 1836 quorum
284 1758 398 1822 medius
422 1761 582 1828 terminus,
611 1757 640 1818 id
667 1767 711 1818 est
739 1758 871 1818 ·XLVlll·
899 1759 925 1819 si
950 1759 979 1817 in
1007 1767 1102 1819 semet

131 1862 225 1937 ipsum
251 1858 391 1927 ducatur,
423 1857 512 1919 idem.
541 1859 576 1917 ll.
609 1857 687 1919 CCC.
710 1857 772 1917 llll.
806 1867 1013 1936 procreantur.
1044 1857 1103 1919 Ubi

132 1949 233 2001 autem
259 1942 378 1999 termini
398 1940 456 2000 duo
484 1941 557 2000 duas
584 1941 759 2001 medietates
777 1940 947 2008 includunt,
970 1941 1049 2018 quod
1070 1941 1141 2000 ntro

134 2022 337 2101 multiplicatis
360 2022 606 2093 extremitatibus,
634 2024 692 2084 hoc
713 2023 790 2084 idem
811 2025 947 2085 redditur
968 2025 997 2082 ln
1013 2023 1101 2083 alter·

134 2115 232 2168 utram
261 2125 408 2168 summam
439 2106 646 2168 medietatibus
679 2107 783 2168 ductis.
830 2107 996 2169 Duodecies
1025 2108 1102 2168 enim

133 2208 268 2269 ·XCVl·‘
290 2193 539 2288 multiplicatisl.
568 2208 650 2270 CLll.
678 2219 884 2288 procreantur.
927 2208 1007 2270 Duae
1032 2227 1102 2270 vero

131 2312 235 2354 eorum
252 2293 439 2362 medietates,
461 2292 489 2353 id
506 2301 550 2354 est
573 2292 697 2354 ·XXllll·
721 2301 750 2353 et
766 2294 900 2355 ·XLVlll·
923 2294 947 2353 si
963 2293 992 2354 in
1009 2303 1102 2355 semet

130 2397 210 2472 ipsas
231 2393 478 2473 multiplicentur,
508 2396 628 2456 eosdem
650 2395 671 2455 Ι.
700 2394 782 2456 CLll.
804 2397 971 2458 restituent.
1006 2396 1101 2475 Atque
1114 2410 1140 2452 as

77 2530 82 2541 t
129 2479 188 2540 hoc
209 2488 254 2539 est
275 2479 312 2539 ad
333 2481 526 2540 imitationem
549 2481 815 2559 cognationemque
843 2483 960 2542 numeri
988 2482 1101 2560 pariter

130 2566 226 2643 paris,
249 2582 264 2623 a
287 2582 345 2641 quo
368 2565 595 2644 participatione
614 2571 707 2626 tracta
732 2564 807 2626 haec
829 2568 857 2626 ei
876 2567 1102 2644 recognoscitur

130 2651 303 2725 ingenerata
318 2650 494 2728 proprietas.
526 2649 563 2710 Et
584 2649 615 2708 in
632 2647 688 2709 alio
704 2668 774 2710 vero
794 2651 888 2712 latere
908 2651 1102 2729 longitudinis

201 2835 214 2882 1
235 2832 306 2882 duee
323 2833 490 2885 medietates
508 2833 646 2885 habentur
663 2835 684 2884 f.
756 2837 773 2886 4
792 2836 945 2901 adplicaris
964 2851 991 2899 r,
1011 2835 1100 2901 appli-

131 2901 205 2950 ceris
224 2899 249 2965 d,
269 2899 293 2965 l,
313 2900 470 2966 applicabis
489 2917 511 2952 s.
581 2903 597 2952 6
615 2900 683 2951 fient
702 2918 732 2964 u,
753 2918 780 2965 e,
804 2920 826 2956 r.
869 2905 949 2954 'lille
966 2904 1101 2954 inseratio

131 2984 148 3016 a
170 2965 183 3034 ll
206 2968 271 3030 illo,
298 2970 455 3033 ieoepuucto
478 2977 504 3021 et
526 2986 543 3020 v
565 2986 646 3034 supra
678 2972 776 3036 scripto
800 2987 824 3021 c.
853 2968 865 3037 Η
893 2971 966 3022 idem
993 2986 1102 3035 quoque

130 3035 158 3099 d,
177 3036 196 3088 l.
271 3036 335 3086 efit
353 3039 461 3088 numeri
479 3038 498 3086 f.
574 3040 604 3086 11
624 3038 741 3088 Rursum
761 3055 785 3088 a.
862 3041 894 3090 14
912 3043 1061 3090 aucmenta
1079 3054 1102 3090 c.

132 3106 165 3153 15
182 3103 406 3168 multiplicentur
423 3105 454 3168 d,
474 3105 499 3168 l,
519 3121 545 3167 s;
568 3104 725 3169 multiplice
746 3110 803 3172 tur,
828 3121 847 3156 n
869 3123 963 3158 rasura
983 3109 1066 3158 deleto
1079 3122 1101 3158 r.

132 3190 163 3238 i'l
181 3189 247 3238 Post
276 3173 313 3238 1'1.
339 3187 418 3242 CCC.
444 3189 509 3238 1111.
534 3190 609 3239 addit
630 3195 856 3254 procreantium,
880 3193 927 3241 sed
948 3199 975 3241 ut
994 3191 1104 3241 deleturi

130 3271 379 3389 tutatuta
399 3257 451 3375 tl}
469 3252 689 3375 qqpqffiqq
717 3257 1061 3375 attrutinat·
1076 3257 1101 3372 {ff

129 3339 288 3470 lllnduesflom.
308 3359 373 3457 d,'1.
473 3394 506 3442 26
528 3362 571 3442 est
589 3361 636 3445 orm
656 3360 681 3451 d',
701 3392 719 3442 l.
748 3387 760 3456 ll
790 3362 1033 3457 cognitionemque
1050 3361 1072 3443 f'.
1093 3386 1102 3453 ll

129 3471 299 3510 numerium.
320 3475 343 3509 c.
