2392 3922
367 150 460 206 rusr.
479 118 635 204 tnrrfluss
650 152 691 213 11,
710 153 751 203 eo.
988 151 1049 216 129

499 320 620 398 Duplus.
874 385 876 390 ,
964 394 966 398 Ι

346 405 367 466 Ι.
523 405 558 465 ll.
714 404 776 465 llll.

474 519 654 597 Sesqualter.

347 605 410 667 llll.
520 604 566 664 Vl.
714 605 798 665 Vllll.

451 721 668 799 Sesquitertius.

348 805 435 866 Vllll.
523 805 584 866 Xll.
715 806 787 867 XVl.

447 924 686 1002 Sesquiquartus.

350 1006 421 1067 XVl.
520 1005 581 1068 XX.
712 1008 797 1069 XXV.

78 1129 121 1189 Et
137 1126 172 1187 ed
189 1127 315 1186 eundem
331 1126 451 1186 modum
467 1126 497 1184 in
513 1126 620 1185 ceteris
635 1127 772 1187 convenit
786 1129 905 1188 intueri.
935 1126 1050 1187 Rursus

77 1214 108 1274 si
121 1219 272 1291 ponentur
293 1210 350 1270 duo
380 1213 527 1287 tetragoni
549 1228 584 1270 ex
608 1213 745 1290 superius
761 1212 933 1291 descriptis,
961 1211 989 1271 id
1006 1221 1050 1271 est
1064 1225 1089 1264 10

80 1298 198 1375 primus
224 1303 252 1354 et
272 1294 419 1354 secundus
446 1296 524 1354 etin
547 1313 639 1354 unum
662 1294 852 1373 colligentur,
882 1304 912 1356 et
934 1295 1050 1357 medius

79 1396 187 1441 eorum
209 1387 293 1458 parte
313 1377 405 1439 altera
426 1377 542 1456 longior
563 1378 608 1438 bis
628 1379 854 1458 multiplicetur,
878 1389 1050 1456 tetragonus

81 1464 123 1524 fit.
154 1465 287 1542 Namque
303 1481 380 1523 unus
394 1471 425 1523 et
442 1463 531 1532 ·llll·,
548 1465 573 1522 si
588 1465 764 1541 iungentur,
783 1467 824 1525 ·V·
842 1466 961 1526 iaciunt.
993 1466 1050 1526 Eo·

82 1565 151 1609 runt
173 1547 306 1608 binarius
329 1556 413 1626 perte
438 1546 530 1609 altere
551 1547 682 1625 longior,
706 1550 729 1607 si
750 1548 796 1608 bis
811 1549 952 1620 ducetur,
977 1549 1048 1610 ·llll·

82 1633 173 1702 fiunt,
201 1633 251 1712 qui
280 1632 374 1692 iuncti
396 1631 493 1692 ·Vllll·
515 1634 579 1692 sine
602 1631 658 1692 ulla
681 1631 863 1693 dubitatione
885 1634 1049 1704 conficient,
1064 1645 1090 1684 15

71 1717 135 1794 ·qui
153 1724 197 1776 est
212 1733 353 1776 numerus
367 1717 539 1794 quadratus.
561 1715 598 1776 Et
613 1716 649 1776 ed
666 1718 793 1778 eundem
807 1719 926 1778 moduni
943 1720 972 1778 in
989 1717 1051 1778 aliis

83 1801 142 1861 boc
161 1801 250 1860 modo
271 1800 419 1879 dispositis
441 1802 588 1869 numeris,
616 1818 689 1878 quos
719 1819 806 1880 supra
829 1801 1049 1880 descripsimus,

82 1885 163 1946 idem
179 1892 296 1945 constat
309 1883 449 1962 intellegi.
489 1884 541 1944 Sin
556 1902 626 1944 vero
648 1894 801 1945 convertes
822 1894 852 1945 et
873 1887 951 1945 inter
967 1884 1050 1953 duos,

82 1971 212 2049 primum
234 1978 263 2030 et
283 1967 461 2037 secundnm,
492 1975 576 2046 perte
598 1967 690 2029 altera
717 1966 867 2046 longiores
888 1968 1050 2029 secundum

83 2061 269 2131 tetragonum
292 2070 402 2132 pones,
430 2053 479 2131 qni
505 2053 535 2110 in
563 2051 667 2112 ordine
688 2052 805 2129 quidem
828 2052 976 2113 secundus
997 2060 1050 2120 est,
1065 2066 1091 2105 20

86 2138 139 2198 sed
155 2144 221 2198 actu
238 2144 268 2199 et
282 2155 374 2215 opere
389 2138 516 2215 primus,
539 2155 573 2196 ex
592 2135 708 2197 duobus
728 2145 812 2215 porte
833 2136 923 2197 altera
940 2135 1052 2215 longio-

84 2221 169 2282 ribus
185 2223 371 2300 congregetis
387 2229 416 2281 et
431 2220 477 2281 bis
491 2219 683 2301 multiplicato
700 2221 799 2282 medio
814 2228 969 2300 tetragono
986 2240 1052 2282 rur·

82 2323 135 2367 sus
167 2312 338 2384 tetragonus
368 2306 531 2367 coniicitur.
574 2305 707 2384 Namque
738 2308 813 2367 inter
843 2308 994 2368 senarium
1025 2314 1054 2368 et

88 2391 236 2451 binarium
258 2409 432 2461 numerum,
455 2392 506 2469 qui
526 2398 596 2451 strnt
616 2392 729 2470 primus
752 2399 781 2451 et
801 2392 950 2453 secundus
969 2399 1053 2471 perte

85 2475 178 2534 ultera
194 2473 352 2552 longiores,
369 2476 393 2535 si
407 2482 536 2554 ponetur
551 2478 758 2556 quaternarius
774 2478 878 2538 ordine
894 2476 1052 2545 secundus,
1067 2489 1093 2527 25

83 2560 199 2636 primus
214 2567 281 2620 ectu
303 2567 489 2638 tetragonus,
513 2567 542 2619 et
564 2561 781 2639 coniungantur
803 2563 847 2623 ·ll·
871 2570 900 2623 et
917 2563 989 2631 ·Vl·,
1012 2561 1052 2622 la-

83 2644 168 2703 ciunt
187 2643 286 2713 ·Vlll·;
303 2652 365 2703 turn
382 2645 407 2702 si
422 2643 470 2704 bis
486 2644 631 2706 ducentur
647 2646 736 2707 medii
753 2646 837 2716 ·llll·‚
861 2647 972 2707 faciunt
987 2663 1052 2707 rur-

82 2727 252 2802 sus·Vlll·‚
270 2729 402 2806 quicum
425 2730 629 2807 superioribus
649 2731 741 2790 iuncti
763 2730 844 2792 ·XVl·
868 2739 1054 2809 tetragonum

82 2812 225 2888 pendunt.

154 2999 167 3046 1
187 2997 296 3062 Duplex
315 3012 339 3060 c,
360 2999 379 3060 f,
399 3014 419 3047 r.
439 3015 465 3060 s;
485 2998 579 3063 Duple
597 2997 622 3049 d.
709 3002 725 3049 3
744 2995 923 3063 Sesqubltern
942 3016 967 3062 a,
988 3016 1012 3060 c,
1031 3014 1053 3048 s.

82 3064 307 3129 usesquttertie
326 3081 352 3129 a,
372 3081 396 3127 c,
416 3065 442 3114 d.
517 3069 531 3116 '1
551 3065 752 3130 Sesqniquarte
771 3082 797 3130 a,
817 3082 840 3126 c,
859 3067 884 3117 d.
955 3069 987 3116 10
1006 3063 1052 3132 ex]

85 3136 115 3181 et
132 3133 162 3182 F.
218 3136 250 3183 13
268 3134 296 3183 ·1-
316 3133 341 3181 d.
354 3131 366 3199 Η
379 3139 508 3198 quatuor,
527 3133 582 3182 sibi
600 3134 751 3199 iungantur
769 3134 888 3199 quinque
908 3149 930 3183 c.
985 3135 1017 3183 14
1030 3136 1054 3182 si

84 3216 132 3251 om.
153 3216 176 3263 c,
198 3199 221 3261 f,
240 3202 274 3260 F,
294 3217 314 3253 r.
340 3198 351 3267 ll
376 3205 494 3265 quatuor
513 3215 535 3253 c.
585 3204 616 3251 15
637 3201 932 3265 fuciunta‚d‚f‚r‚s.
981 3203 1012 3252 18
1025 3201 1054 3250 Si

84 3282 151 3317 vero
171 3283 198 3330 a,
217 3269 244 3326 b,
265 3284 288 3332 c,
308 3269 327 3331 f,
347 3269 365 3327 l,
385 3284 406 3328 r,
426 3283 447 3318 s.
529 3271 562 3318 23
581 3283 630 3318 sex
648 3269 674 3331 d,
694 3270 717 3330 f;
736 3269 782 3319 VI.
803 3285 823 3317 r.
904 3272 936 3320 26
956 3269 1007 3318 duo
1026 3284 1052 3333 a,

82 3351 117 3398 c,
137 3335 167 3397 d,
187 3334 213 3398 f,
231 3334 250 3399 l,
270 3352 291 3400 r,
311 3351 333 3386 s.
358 3333 370 3402 ΙΙ
393 3352 442 3386 sex
460 3352 489 3398 a,
510 3351 535 3398 c,
554 3336 578 3397 d,
599 3336 617 3399 l,
638 3352 658 3397 r,
678 3352 700 3386 s.
770 3338 802 3387 27
822 3341 885 3386 octo
905 3352 927 3386 c.
952 3333 964 3402 11
988 3351 1054 3400 que-

82 3407 148 3452 tuor
166 3419 194 3465 c,
215 3407 344 3466 quattuor
362 3406 381 3454 f.
451 3405 484 3453 28
502 3405 674 3454 octonarium
694 3419 724 3465 a,
744 3403 775 3466 b,
795 3420 820 3468 c,
840 3404 865 3467 d,
885 3405 906 3467 f,
924 3404 943 3466 l,
963 3420 984 3467 r,
1004 3420 1028 3453 s.
1046 3401 1055 3464 ll

83 3471 174 3519 iuncti
191 3472 218 3520 in
235 3474 349 3534 marpine
367 3489 391 3534 r,
412 3471 516 3522 iunctis
534 3488 557 3520 c.
582 3468 593 3538 Η
622 3472 743 3522 sedecim
763 3473 782 3521 f.

121 3568 251 3606 Bourms.
836 3561 857 3617 <3
