2392 3922
143 168 179 216 IV
521 165 730 216 PRAEFATIO.

229 320 321 385 Haec
348 331 499 407 agentem
526 322 743 406 interrogavit
770 342 822 384 me
844 320 1012 404 Halmius,
1042 323 1109 386 vel-

143 423 248 487 lemne
271 422 397 488 labores
421 425 586 512 suscipere
608 425 807 487 necessarios
827 423 869 487 ad
892 446 989 510 opera
1004 424 1111 490 Boetii

143 525 372 590 mathematica
400 526 542 608 edenda,
572 547 632 590 nec
655 524 819 589 volentem
841 535 968 590 tantum
993 550 1109 612 provo·

144 629 233 691 cavit
255 627 313 691 scd
337 629 434 691 etiam
457 627 548 692 libris
572 627 820 713 manuscriptis
844 627 962 713 quibus
978 630 1109 714 optimis

111 785 117 796 .
144 730 250 816 potuit
265 729 308 792 ad
322 752 375 793 me
390 731 497 793 missis
517 729 613 793 simul
635 729 773 792 adiuvit.
805 728 892 793 Usus
916 752 987 792 sum
1010 731 1110 815 igitur

146 830 313 895 codicibus
329 831 495 895 Monachii
511 831 691 895 asservatis
708 832 1016 917 praestantissimis,
1040 835 1109 917 qui-

143 934 204 998 bus
227 943 434 997 accesserunt
457 932 584 997 codices
606 932 865 1016 Bambergenses
888 956 954 998 non
976 935 1110 998 minoris

142 1045 238 1100 notae
254 1045 286 1099 et
301 1034 386 1099 liber
400 1034 612 1119 Erlangensis
621 1082 630 1115 ,
654 1056 750 1120 quem
765 1034 848 1098 alter
865 1044 991 1099 tantum
1007 1036 1111 1100 codex

144 1138 355 1202 Carnutensis
376 1146 503 1222 aequat.
531 1136 631 1200 Cuius
651 1138 699 1199 rei
719 1138 845 1221 gratiae
860 1136 941 1199 mihi
961 1138 1108 1221 agendae

144 1250 218 1304 sunt
241 1240 403 1302 maximae
426 1248 458 1302 et
481 1237 639 1302 Halmio
668 1239 730 1325 ipsi
759 1248 790 1302 et
813 1239 892 1302 viris
915 1238 1109 1302 humanissi-

143 1343 205 1405 mis
218 1350 250 1405 et
261 1339 579 1405 benevolentissimis
591 1340 803 1424 Foringer,
816 1339 984 1404 Thomas
997 1340 1108 1404 Mona-

144 1443 313 1525 censibus,
345 1443 561 1527 Stenglein
583 1441 834 1527 Bambergensi,
864 1442 1109 1506 Autenrieth

144 1545 350 1629 Erlangensi.
371 1544 548 1630 Egregiam
563 1566 695 1631 operam
711 1546 846 1609 navavit
861 1543 942 1607 mihi
958 1547 1109 1630 princeps

143 1648 463 1733 Boucompagni,
493 1648 583 1711 cuius
612 1667 738 1711 summa
761 1644 960 1710 liberalitate
986 1669 1110 1710 summa

143 1773 214 1813 mea
240 1748 336 1811 laude
364 1749 609 1833 dignefactum
638 1757 702 1829 est,
731 1758 767 1812 ut
789 1770 854 1812 non
876 1748 997 1830 solum,
1027 1771 1109 1834 quac

143 1853 214 1938 ipse
244 1851 278 1913 in
306 1849 400 1914 libris
429 1851 497 1914 suis
525 1873 623 1914 manu
650 1851 780 1936 scriptis
803 1849 934 1934 habuit,
964 1873 1047 1935 quae
1074 1854 1109 1915 in

143 1952 217 2017 aliis
234 1951 401 2016 codicibus
417 1952 571 2017 Romanis
592 1953 726 2016 inventa
743 1961 833 2034 sunt,
856 1962 1012 2038 quantum
1028 1975 1108 2039 opus

144 2078 214 2120 csse
237 2057 345 2121 visum
368 2063 431 2135 est,
454 2054 490 2117 in
511 2076 619 2118 meum
641 2078 736 2120 usum
758 2076 887 2141 possem
908 2064 1109 2133 convertere,

143 2159 202 2222 sed
231 2158 328 2221 etiam
358 2156 399 2219 de
428 2155 610 2240 codicibus,
640 2157 696 2241 qui
723 2155 877 2241 Neapoli,
910 2154 1108 2237 Florentiae,

145 2260 295 2325 Veronae
318 2259 561 2341 custodiuntur,
584 2259 695 2321 fierem
717 2259 844 2322 certior.

227 2361 280 2425 Ita
307 2363 486 2425 instructus
514 2382 583 2425 rem
610 2360 747 2445 aggredi
774 2382 873 2424 ausus
897 2381 968 2423 sum
994 2382 1107 2445 parum

143 2464 282 2528 fortasse
297 2484 433 2527 versans
450 2463 529 2549 quid
551 2461 698 2527 valerent
720 2462 856 2526 humeri.
888 2461 952 2527 Sed
969 2462 1108 2526 occasio-

144 2587 219 2628 nem
242 2568 329 2630 vires
351 2565 543 2629 intendendi
565 2565 714 2630 omittere
742 2563 841 2631 nolui.
886 2564 957 2628 Iam
987 2563 1109 2650 perfeci

144 2690 226 2755 quae
259 2668 413 2754 perficere
444 2665 525 2730 mihi
565 2669 729 2752 proposui.
783 2667 966 2752 Utrumque
1000 2665 1109 2730 Boetii

143 2792 223 2856 opus
253 2779 284 2833 et
314 2769 401 2855 quod
428 2769 470 2831 de
496 2767 702 2832 arithmetica
731 2778 762 2832 ct
797 2769 885 2854 quod
917 2767 959 2831 dc
986 2768 1109 2831 musica

143 2873 340 2957 composuit,
364 2872 542 2935 novissime
564 2870 651 2957 apud
673 2893 733 2936 nos
755 2870 938 2935 anu01570
960 2868 1110 2933 Basileae

144 2972 283 3057 editum,
312 2973 419 3036 tribus
448 2994 552 3059 paene
579 2972 716 3036 saeculis
744 2982 818 3058 post
841 2994 951 3037 rursus
979 2971 1108 3058 profero

143 3073 271 3138 adiecto
287 3075 485 3160 geometriae
500 3073 664 3161 opusculo.
695 3074 748 3144 De
771 3074 888 3161 quibus
910 3094 1014 3159 pauca
1029 3071 1108 3135 haec

144 3176 298 3242 videntur
319 3176 491 3242 monenda.

228 3277 482 3367 Inscriptionem
504 3278 636 3344 alterius
660 3279 767 3365 operis
790 3279 899 3344 Boetii
921 3277 1044 3361 sumpsi
1067 3297 1108 3338 ex

143 3381 249 3466 capite
272 3391 387 3468 quarto
410 3381 485 3445 libri
508 3382 535 3446 I.
559 3380 599 3443 de
623 3381 697 3448 inst.
720 3388 802 3444 mus.
827 3381 872 3466 (p.
891 3378 961 3459 192,
985 3399 1017 3439 v.
1037 3377 1107 3461 l9l³

143 3488 173 3546 in
196 3486 296 3562 libris,
321 3505 395 3564 quos
410 3490 448 3548 de
462 3489 652 3557 arithmetica
667 3489 851 3548 institutione
865 3486 1106 3561 conscripsimus,
