2392 3922
422 175 515 230 1111.
533 175 686 226 naman.
704 176 732 234 1,
752 177 792 229 17.
1051 173 1093 239 35

188 348 240 409 Sin
262 366 331 408 vero
347 348 498 425 quinarius
518 362 675 412 numerus,
698 344 747 423 qui
770 345 800 403 in
819 345 949 406 secundo
965 345 1031 405 loco
1047 354 1093 406 est

122 433 314 503 constitutus,
335 431 403 493 velit
423 432 504 510 quis,
528 430 612 490 cuius
632 429 726 508 prima
748 445 783 488 ac
798 428 937 509 deinceps
952 448 1091 491 mensura

122 519 169 584 sit,
186 519 326 586 invenire,
342 516 524 578 transmissis
542 513 625 573 ·llll·
642 510 795 592 inparibus
810 514 929 591 quintus
945 517 982 583 ei,
1002 531 1090 591 quem

122 603 219 661 metiri
239 603 346 681 possit,
370 601 512 661 occurrit.
558 597 795 678 lntermittantur
814 598 892 656 enirn
909 597 991 658 ·llll·
1008 601 1090 679 inpa-

121 704 186 756 res,
211 686 305 747 idest
328 686 408 747 ·Vll·
432 692 461 744 et
483 682 589 742 ·Vllll·
613 689 643 743 et
665 681 735 741 ·Xl·
758 689 788 740 et
810 680 908 741 ·Xlll·
948 682 1018 742 Post
1036 683 1118 743 hosa

122 780 167 831 est
183 771 281 841 ·XV·,
310 788 399 849 quom
424 768 576 845 quinarius
601 767 722 826 metitur
744 765 908 825 secundnm
928 767 1016 844 primi
1036 769 1091 827 sci·

122 852 191 915 licet
206 855 400 933 quantitatem
417 853 444 912 ld
461 860 504 912 est
520 849 650 911 ternarii.
684 850 726 908 ·V·
745 851 824 911 enim
841 850 910 911 ·XV·
929 851 1016 910 tertio
1032 869 1092 911 me-

121 940 206 998 titur.
252 940 293 997 Ac
309 937 448 1016 deinceps
460 938 484 996 si
503 944 641 1016 quattuor
657 936 844 1004 intermittat,
862 953 945 1004 eum,
963 936 1014 1014 qui
1028 942 1094 1014 post

123 1021 189 1081 illos
205 1021 317 1085 locatus
333 1029 376 1082 est
390 1022 549 1091 secundus,
574 1021 601 1081 id
618 1027 663 1081 est
678 1020 845 1098 quinarius,
869 1021 914 1080 sui
930 1022 1092 1098 quantitate

123 1106 253 1166 metitur.
298 1105 369 1165 Nam
385 1114 451 1185 post
467 1105 536 1165 ·XV·
553 1105 729 1165 intermissis
751 1104 847 1165 -xvn-
871 1112 900 1165 et
917 1104 1047 1165 ·XVllll·
1064 1111 1093 1164 et
1106 1121 1132 1159 to

121 1189 367 1250 11111111·
378 1200 445 1269 post
454 1209 505 1251 eos
515 1189 611 1250 dxv.
622 1191 770 1269 repperio,
782 1207 857 1268 quos
870 1189 1023 1267 quinarius
1034 1189 1091 1248 sci-

119 1272 191 1334 licet
216 1291 359 1335 numerus
383 1292 436 1334 sua
461 1273 629 1353 pluralitate
651 1276 780 1335 metitur.
826 1274 988 1352 Quinquies
1012 1274 1089 1333 enirn

117 1359 254 1437 quinario
275 1358 468 1438 multiplicato
489 1359 597 1420 ι111111·
620 1367 824 1420 suooresount.
877 1358 908 1419 Si
930 1375 1000 1419 vero
1021 1366 1089 1438 post

116 1442 197 1503 huno
220 1442 344 1522 quilibet
371 1442 453 1503 ·llll·
481 1445 670 1512 intermittat,
702 1443 805 1504 eadem
832 1442 945 1516 ordiru‘s
975 1451 1088 1504 servata

116 1529 291 1596 constantia,
308 1529 359 1607 qui
375 1545 426 1588 eos
441 1529 584 1606 sequitur,
601 1528 763 1588 seeundum
779 1528 868 1597 tertii,
885 1527 913 1586 id
931 1535 975 1588 est
989 1534 1086 1605 septe·
1101 1541 1127 1582 1⁵

116 1613 190 1671 narii
214 1615 345 1681 numeri,
367 1629 513 1672 summam
534 1632 550 1674 a
572 1613 707 1691 quinario
728 1614 883 1681 metietur;
905 1618 992 1690 atque
1014 1612 1087 1673 haec

116 1705 161 1756 est
176 1697 286 1756 infinita
303 1698 484 1776 progressio.

95 1819 100 1828 -
181 1781 212 1841 Si
232 1799 304 1841 vero
326 1783 430 1841 tertius
451 1798 593 1841 numerus
609 1800 696 1860 quern
714 1783 810 1842 metiri
826 1784 934 1861 possit,
959 1781 1087 1860 exquiri-

115 1871 179 1933 tur,
202 1883 254 1924 sex
273 1866 304 1923 in
325 1865 424 1924 medio
439 1865 661 1943 relinquentur,
685 1872 714 1926 et
729 1883 817 1942 quem
838 1867 997 1944 septimum
1012 1865 1086 1925 ordo

118 1949 341 2017 monstraverit,
357 1949 407 2008 hie
422 1968 475 2027 per
491 1951 580 2026 primi
595 1951 726 2017 numeri,
742 1949 771 2007 id
788 1957 832 2010 est
848 1949 978 2016 ternarii,
995 1965 1086 2025 quan·
1100 1962 1127 2002 ao

116 2034 230 2091 litatem
247 2031 413 2092 metiendus
429 2039 486 2101 est;
514 2040 542 2092 et
562 2039 629 2110 post
648 2032 732 2092 illurn
747 2050 798 2093 sex
815 2032 878 2092 aliis
894 2033 1086 2110 interpositis,

116 2133 204 2194 quem
226 2125 293 2195 post
315 2134 368 2176 eos
383 2133 540 2177 numerum
557 2118 650 2176 series
665 2115 761 2186 dabit,
781 2135 834 2195 per
852 2115 1033 2194 quinarium,
1058 2117 1087 2176 id

115 2209 160 2261 est
181 2218 235 2278 per
256 2201 437 2270 secundum,
466 2202 544 2261 tertii
567 2219 633 2261 curn
660 2218 798 2261 mensura
823 2207 988 2281 percurret.
1034 2201 1085 2261 Sin

114 2301 185 2345 vero
205 2284 276 2346 alios
297 2302 402 2346 rursus
423 2303 473 2346 sen
496 2286 526 2344 in
548 2285 646 2346 medio
667 2288 733 2363 quis
756 2285 916 2367 relinquat,
944 2284 1007 2355 ille,
1034 2287 1084 2366 qui

116 2370 258 2446 sequitur,
281 2388 335 2449 per
349 2371 549 2449 septenarium
566 2388 723 2432 numerum
739 2370 775 2430 ab
793 2371 897 2432 eodem
915 2372 1082 2451 septenario
1097 2386 1124 2427 2⁵

112 2454 280 2514 metiendus
303 2462 347 2515 est
361 2454 390 2514 id
407 2463 451 2515 est
465 2473 520 2534 per
536 2457 613 2516 tertii
630 2457 842 2536 quantitatem;
865 2464 954 2535 atque
970 2456 1018 2517 hic
1034 2475 1082 2518 us-

114 2539 216 2616 quein
233 2547 398 2600 extremum
415 2546 495 2600 ratus
511 2540 584 2599 ordo
601 2542 801 2619 progreditur.

176 2622 344 2703 Suscipiunt
369 2640 441 2701 ergo
470 2624 610 2685 metiendi
640 2626 868 2686 vicissitudinem
890 2626 1080 2705 quemadmo-

115 2705 184 2765 dum
201 2710 316 2768 suntin
333 2708 468 2768 ordinem
484 2709 657 2769 naturaliter
678 2711 800 2788 inpares
817 2712 975 2771 constituti.
1021 2711 1081 2772 Me·

111 2791 223 2851 tlentur
240 2801 353 2862 autem,
377 2794 401 2853 si
416 2811 470 2871 per
485 2798 572 2872 pares
588 2812 728 2858 numeros
744 2814 759 2854 a
775 2794 892 2856 binario
906 2794 1081 2855 inchoantes
1095 2809 1120 2848 30

178 2964 194 3010 3
213 2965 344 3026 quattuor
361 2962 389 3024 d,
410 2966 529 3026 quatuor
547 2963 566 3012 1.
635 2965 653 3012 4
670 2969 789 3027 quatuor
806 2964 837 3028 b,
856 2965 883 3030 f,
906 2967 1035 3030 quattuor
1053 2963 1079 3016 d.

110 3028 125 3076 'l
144 3027 210 3080 ·XV·
230 3030 304 3078 enim
322 3032 362 3081 ·V·
381 3046 412 3094 o,
432 3032 472 3081 ·V·
492 3031 563 3080 enim
582 3031 740 3096 quindecim
758 3032 790 3094 11,
809 3032 835 3085 (1.
887 3033 904 3082 8
922 3037 1040 3097 quotuor
1058 3030 1079 3081 f.

108 3094 181 3146 ·1111·
200 3112 224 3146 c.
279 3099 311 3148 10
330 3098 487 3162 quindecim
506 3099 531 3161 b,
550 3098 576 3151 d.
630 3100 662 3148 14
680 3105 800 3163 quotuor
816 3099 883 3162 11,1,
902 3103 1033 3163 quattuor
1052 3097 1077 3146 d.

108 3165 140 3212 16
159 3166 264 3215 numeri
283 3182 328 3216 om.
349 3183 372 3218 o.
406 3164 417 3232 ΙΙ
453 3167 581 3231 quinario
600 3182 713 3217 numero
732 3167 756 3229 f,
776 3167 794 3217 1.
824 3163 837 3234 ΙΙ
871 3168 984 3217 metitur
1002 3181 1031 3226 o,
1051 3164 1077 3226 d,

106 3231 129 3290 l,
148 3248 169 3285 r.
240 3235 271 3284 17
294 3235 323 3283 in
341 3233 451 3285 infinita
468 3235 489 3288 f.
525 3232 537 3301 ll
569 3235 761 3300 processioa,
781 3250 802 3285 r.
878 3237 1078 3284 adnumerum

106 3315 153 3348 om.
172 3315 193 3354 s.
229 3303 336 3352 numeri
371 3318 403 3365 a,
422 3303 454 3366 b,
474 3319 502 3365 o,
523 3304 552 3364 d,
573 3319 599 3362 r;
627 3303 714 3352 series
732 3304 838 3353 numeri
858 3301 877 3352 l.
949 3303 1079 3363 231111111-

107 3372 200 3418 curret
218 3377 359 3442 correctum
376 3371 405 3419 in
423 3374 568 3436 percurret
586 3386 616 3433 a,
640 3375 786 3434 percurrat
804 3386 824 3423 r.
864 3367 877 3436 ΙΙ
915 3367 944 3417 Si
963 3366 995 3426 d,
1015 3366 1037 3423 1,
1056 3379 1078 3415 1.

106 3437 140 3484 24
158 3437 212 3487 ·VI·
231 3436 257 3492 d.
326 3438 489 3490 2611111111.
508 3453 532 3489 o.
609 3440 817 3488 11111111.-
869 3437 903 3485 28
921 3431 1079 3495 Suscipient

106 3500 272 3568 1,’11,1,1.

839 3583 884 3652 ὃ*
