2392 3922
142 112 183 175 72
363 112 455 163 ruer.
468 111 619 161 amdan.
638 111 674 172 11,
696 109 890 162 carrucas.

142 282 335 343 adscribatur
351 298 421 357 ergo
441 280 555 359 primus
571 281 667 358 primo
684 297 810 356 aequus,
832 278 862 338 id
879 285 923 338 est
940 277 1049 347 ·VlllI·,
1067 297 1118 340 se-

144 366 259 427 cundus
280 367 377 445 primo
394 372 423 424 et
438 363 583 432 secunda,
605 363 695 423 idest
716 362 856 431 -lleHl,
880 364 984 423 tertius
1004 363 1116 442 primo,

144 452 260 511 duobus
276 449 412 510 secundis
428 456 456 508 et
473 450 573 517 tertia,
590 448 618 506 id
636 455 680 506 est
691 447 804 507 LXllll.

431 532 515 592 Vllll.
603 531 662 591 XV.
749 531 833 591 XXV.

116 634 129 674 s
431 616 516 676 Vllll.
602 615 718 676 XXllll.
745 615 856 676 LXllll.

144 704 282 773 Videsne,
311 709 342 762 ut
368 721 403 761 ex
425 699 693 780 superbipartiente
722 699 829 780 duplus
856 697 1115 779 superbipartiens

144 796 264 850 exortus
280 787 334 847 sit?
360 787 398 845 At
411 804 482 846 veru
498 787 522 844 si
537 785 845 865 supertripartientem
861 801 984 864 ponam,
1002 783 1115 863 duplex

142 872 312 934 sinedubiu
333 870 595 951 supertripartiens
616 871 778 939 invenitur,
803 875 836 928 ut
856 870 886 927 in
907 867 1042 929 subiecta
1064 868 1114 929 de·

142 959 302 1036 scriptione
318 956 508 1034 perspicuum
525 961 579 1013 est.

104 1059 129 1097 10
388 1038 462 1097 XVI.
549 1037 674 1097 XXVlll.
763 1037 899 1098 XLVllll.

144 1212 192 1270 Sic
214 1224 285 1282 ergo
308 1206 344 1265 de
365 1204 684 1285 superparticularibus
707 1204 749 1265 vel
772 1206 809 1264 de
825 1205 1115 1285 superpartientibus

143 1290 319 1370 multiplices
335 1290 620 1369 superparticulares
637 1289 680 1349 vel
697 1287 874 1369 multiplices
890 1291 1114 1368 superpartien-

142 1387 187 1437 tes
204 1377 350 1436 0riuntur.
382 1375 480 1446 Quare
497 1382 625 1443 cunstat,
647 1375 777 1434 omnium
800 1373 1041 1451 inaequalitatum
1064 1391 1114 1434 ae·

105 1477 130 1516 15
145 1459 315 1538 qualitatem
338 1478 402 1520 esse
421 1460 612 1538 principium.
654 1458 698 1518 Ex
719 1458 821 1518 eadem
844 1460 923 1517 enim
945 1457 1114 1536 inaequalia

144 1553 248 1605 cuncta
265 1535 434 1605 nascuntur.
471 1545 511 1602 Ac
532 1543 569 1602 de
591 1543 638 1601 his
658 1543 776 1620 quidem
799 1544 940 1603 hactenns
961 1542 1113 1602 disseren-

144 1630 214 1689 dum
231 1646 295 1690 esse
311 1628 505 1697 credidimus,
529 1646 565 1687 ne
588 1624 633 1686 vel
654 1628 766 1686 infinita
782 1635 946 1695 sectemur,
970 1624 1015 1686 vel
1031 1628 1113 1686 cirea

143 1732 192 1774 res
208 1713 432 1773 obscurissimas
447 1712 675 1789 ingredientium
692 1713 806 1772 animos
819 1713 985 1772 detinentes
1001 1709 1037 1772 ab
1055 1713 1114 1771 uti·

142 1798 268 1858 lioribus
284 1816 479 1857 moraremur.

104 1899 129 1938 20
468 1898 545 1948 Liber
561 1898 657 1960 primus
675 1897 788 1959 amplicat.

393 2201 523 2265 Incipiunt
541 2202 653 2263 capitula
671 2198 730 2247 libri
746 2200 859 2248 secundi.

257 2323 276 2377 l.
301 2321 530 2390 Quemadmodum
553 2322 585 2376 ad
607 2320 799 2392 aequalitatem
823 2322 911 2376 omnis
933 2321 1115 2394 inaequalitas

303 2405 457 2460 reducatur.

210 2554 273 2603 det
292 2551 396 2601 duobus
415 2551 447 2614 b,
469 2563 496 2609 c,
515 2551 532 2599 l.
604 2551 736 2615 dVides,
761 2544 912 2613 emissaria,
932 2551 950 2604 l.
978 2549 990 2617 ll
1019 2567 1114 2617 super-

142 2620 266 2685 partiens
286 2635 308 2669 e.
363 2620 379 2668 7
397 2616 497 2682 duplus
518 2619 536 2668 f.
590 2618 606 2667 8
624 2621 870 2686 supertripartiens
889 2620 948 2669 sine
968 2619 1051 2670 dubio
1071 2635 1092 2673 s.
1106 2618 1116 2686 ll

141 2687 303 2751 tripartiens
322 2687 412 2736 omisso
431 2701 515 2750 super
533 2701 563 2748 a,
581 2685 613 2748 b,
632 2702 660 2749 c,
680 2687 704 2748 f,
719 2687 741 2745 l,
761 2703 783 2741 r.
836 2689 852 2737 9
870 2687 1081 2751 superspicuum
1094 2688 1113 2741 l.

143 2757 174 2804 16
195 2758 312 2803 actenus
332 2754 354 2810 f,
374 2752 391 2804 l.
416 2749 427 2818 ll
451 2753 627 2803 diserentium
646 2769 675 2811 a,
695 2754 877 2805 differendum
897 2772 921 2803 c.
998 2757 1029 2805 17
1050 2771 1112 2805 esse

142 2838 188 2874 om.
208 2822 228 2887 i.
253 2817 265 2886 ΙΙ
289 2820 425 2871 credimus
445 2836 470 2881 a,
483 2821 510 2882 b,
524 2821 542 2884 1,
556 2837 577 2873 r.
602 2818 613 2887 Η
636 2837 688 2872 nec
701 2822 719 2871 l.
768 2825 799 2873 18
818 2837 861 2872 res
880 2831 934 2872 cm¹
947 2822 972 2871 d.
1020 2824 1054 2871 20
1071 2823 1113 2873 Ti·

141 2891 218 2939 tulum
231 2905 277 2939 orn.
298 2889 311 2937 f
317 2927 323 2951 ‚
341 2904 363 2936 r.
399 2888 523 2952 Explicit
542 2889 613 2938 liber
630 2890 733 2954 primus
753 2889 785 2952 (Ι.
807 2888 832 2950 c)
847 2905 877 2951 a,
892 2906 915 2939 c.
952 2887 1039 2938 Liber
1057 2891 1113 2954 pri·

141 2972 200 3006 mus
221 2955 412 3006 arithmeticae
433 2955 547 3021 explicit
569 2972 590 3007 s.
626 2957 660 3006 In
683 2959 714 3019 b,
734 2957 764 3021 d,
789 2957 799 3005 l
818 2958 980 3021 praecedunt
1001 2958 1113 3007 titulum:

141 3024 236 3073 Anicii
254 3023 343 3073 Mallii
364 3020 475 3087 (Manlii
494 3024 520 3088 d,
536 3024 555 3085 l)
576 3025 704 3074 Severini
716 3025 813 3074 Boecii
824 3040 850 3077 v.
865 3040 888 3076 c.
902 3028 930 3074 et
948 3023 987 3075 ill.
1008 3024 1068 3086 (inl.
1082 3021 1113 3088 d)

141 3090 275 3141 exconsul
294 3090 379 3154 (coiis.
392 3090 420 3155 d)
440 3090 496 3141 ord.
517 3091 631 3155 (ordinis
645 3092 672 3155 d)
691 3092 805 3155 patricii
822 3091 1006 3142 institutionis
1026 3091 1113 3142 arith·

140 3160 269 3211 melicae.
305 3160 338 3208 In
357 3160 373 3207 d
392 3160 483 3209 addita
500 3167 559 3209 sunt
575 3161 601 3210 in
615 3162 667 3222 fine
686 3160 845 3209 tituli:1nci
867 3160 889 3208 it
907 3159 979 3208 liber
991 3159 1029 3212 ΙΙ.
1049 3159 1114 3209 feli·

142 3227 219 3278 citer.
290 3228 321 3275 21
343 3227 440 3277 Titulus
463 3231 488 3276 in
505 3229 618 3291 marniae
637 3225 772 3291 lapidaria
790 3243 812 3277 s.
843 3176 864 3292 lb
884 3224 1018 3292 capitula]
1038 3225 1113 3277 tituli

140 3294 167 3356 b,
186 3294 204 3343 l.
228 3290 240 3359 ll
262 3293 328 3344 libri
346 3295 382 3345 II.
404 3308 432 3356 ος
452 3293 485 3345 de
504 3294 574 3344 libro
594 3293 715 3345 secundo
735 3294 754 3345 l.
782 3290 793 3358 ll
827 3294 909 3344 Titulo
926 3296 953 3343 in
968 3297 1020 3357 fine
1040 3295 1114 3344 addit

141 3359 264 3477 selliciter
282 3362 308 3410 b.
345 3364 377 3412 22
389 3362 600 3426 inaequalitatis
613 3377 635 3414 r.
666 3364 698 3411 23
712 3361 860 3412 seducatur
874 3377 899 3423 a,
920 3361 1074 3411 deducatur
1087 3361 1113 3424 d,

139 3443 168 3478 re
191 3430 281 3478 ucitur
298 3429 317 3480 l.
