2392 3922
148 115 189 180 58
435 114 538 168 msa.
558 115 709 166 sarsum.
728 115 755 178 1,
774 115 816 170 aa.

65 282 70 292 ’
148 295 207 347 tur.
229 284 357 347 Habebit
372 293 469 346 autem
484 283 531 346 vel
546 284 619 346 duas
634 285 750 363 quintas
767 285 811 345 rel
827 285 900 346 duas
915 285 1058 364 septimas
1072 285 1120 348 rol

148 370 221 431 duas
241 387 335 431 nonas
356 379 386 431 et
403 371 442 430 ita
464 368 739 447 progredientibus,
766 370 790 431 si
817 369 889 430 duas
915 368 993 430 solas
1018 379 1122 448 partes

148 456 271 516 minoris
287 455 404 516 numeri
420 453 648 534 superhabuerit
667 473 722 533 per
737 454 856 516 easdem
877 462 978 532 partes
1005 455 1120 534 inpari·

147 539 203 602 bus
218 541 350 601 numeris
365 541 512 600 minorem
528 541 621 600 maior
643 557 757 600 summa
773 537 964 600 transcendit.
996 538 1073 601 Nam
1095 543 1120 601 si

121 639 215 685 reum
232 623 338 709 babeat
352 631 446 685 totum
463 634 492 684 et
507 624 580 685 duas
595 625 657 685 eius
679 630 815 702 quartas,
836 623 1119 703 superparticularis

148 711 317 770 necessario
332 711 516 789 repperitur,
538 726 605 768 narn
628 708 703 770 duae
724 715 847 787 quartae
868 707 1012 770 medietas
1028 716 1075 770 est
1089 719 1119 771 et

146 794 179 853 fit
193 794 374 874 sesqualtera
388 794 584 873 temperatim
600 794 645 852 sin
660 811 730 854 vero
747 792 819 854 duas
829 800 935 862 sextas,
951 809 1059 856 rursus
1075 803 1119 856 est

147 877 440 959 superparticularis,
458 877 533 937 duae
549 878 626 936 euim
639 887 739 938 sextae
750 895 821 956 pars
834 879 922 939 tertia
935 886 993 946 est,
1010 879 1117 958 quodsi

146 965 176 1023 in
192 964 412 1042 comparatione
427 970 570 1040 ponatur,
592 963 795 1041 sesquitertiae
811 961 992 1024 habitudinis
1009 963 1119 1025 efficiet

107 1048 281 1109 1oiormam.

112 1149 119 1160 ’
209 1132 279 1192 Post
299 1131 352 1191 hos
373 1137 535 1190 nascuntur
558 1132 696 1200 comites,
726 1132 775 1212 qui
802 1132 1117 1211 subsuperpartientes

146 1223 296 1276 vocantur.
327 1215 362 1274 Hi
379 1224 475 1274 autem
498 1223 581 1285 sunt,
603 1217 653 1293 qui
673 1214 821 1277 habentur
840 1215 877 1275 ab
898 1215 955 1276 alio
975 1232 1115 1288 numero,

145 1309 297 1360 eteorum
321 1297 372 1360 rel¹
387 1299 464 1360 duae
484 1298 528 1360 rel
549 1309 610 1361 tres
638 1300 683 1360 vel
706 1299 778 1361 ·llll·
806 1299 852 1361 vel
874 1298 1017 1377 quotlibet
1038 1298 1117 1361 aliae

144 1392 254 1462 partes.
285 1383 316 1444 Si
332 1400 404 1462 ergo
420 1402 562 1446 numerus
578 1385 664 1446 aliurn
682 1387 758 1445 intra
779 1402 811 1446 se
826 1402 982 1446 numerum
999 1382 1116 1446 habeus

106 1483 132 1523 15
145 1469 209 1528 eius
239 1468 310 1530 duas
343 1477 441 1548 partes
467 1468 619 1538 babuerit,
654 1469 908 1548 superbipartiens
933 1470 1115 1538 nominatur,

144 1554 189 1613 siu
205 1571 274 1613 rero
290 1562 366 1624 tres,
385 1555 659 1633 supertripartiens,
676 1554 780 1633 quodsi
797 1553 880 1624 -llll·,
902 1553 1116 1634 superquadri-

144 1638 288 1716 partiens,
315 1645 403 1718 atque
423 1640 462 1698 ita
485 1638 745 1718 progredientibus
771 1639 800 1698 iu
827 1639 974 1699 inlinitum
1000 1639 1116 1717 lingere

144 1723 264 1784 nomina
278 1722 356 1783 licet.
389 1722 468 1783 Ordo
485 1732 582 1785 autem
605 1742 708 1785 eorum
733 1721 873 1784 naturalis
895 1730 953 1796 est,
976 1725 1115 1803 quotiens

145 1806 341 1885 disponuntur
362 1825 377 1867 a
398 1808 494 1877 tribus
515 1827 619 1869 omnes
639 1826 727 1887 pares
749 1816 837 1887 atque
858 1810 979 1885 inpares
994 1809 1114 1869 numeri

105 1907 130 1948 ao
144 1891 316 1953 naturaliter
336 1894 487 1954 constituti
510 1902 538 1954 et
559 1893 613 1954 sub
630 1894 676 1954 bis
691 1900 829 1971 aptantur
850 1891 913 1960 alii,
936 1893 985 1970 qui
1007 1900 1113 1954 sunta

143 1978 277 2056 quinario
294 1995 419 2039 numero
433 1979 609 2058 incipientes
625 1995 729 2038 omnes
743 1978 871 2056 inpares.
898 1976 952 2037 llis
972 1977 1062 2054 igitur
1073 1978 1114 2038 ita

143 2061 291 2141 dispositis
306 2063 330 2122 si
345 2064 459 2143 primus
474 2065 585 2141 primo,
602 2063 750 2125 secundus
765 2061 911 2132 secundo,
930 2063 1036 2122 tertius
1051 2068 1112 2122 ter·
1148 2061 1154 2072 “

142 2148 182 2207 tio
199 2155 227 2207 et
242 2149 334 2209 ceteri
349 2150 455 2210 ceteris
476 2156 701 2225 comparentur,
724 2147 947 2224 superpartiens
968 2145 1113 2207 habitudo

143 2239 328 2309 procreatur.
365 2231 407 2292 Sit
423 2235 501 2293 enirn
519 2232 671 2308 dispositio
688 2230 744 2290 boo
759 2230 863 2290 modo:

104 2367 129 2408 as
217 2349 265 2409 lll.
288 2348 351 2408 llll.
385 2349 417 2407 V.
510 2323 573 2409 vl(
596 2348 656 2408 Vll.
707 2346 780 2409 Vlll.
805 2348 891 2409 Vllll.
923 2348 958 2409 ll.

217 2434 249 2492 V.
287 2433 346 2493 Vll.
384 2431 470 2493 Vllll.
508 2432 555 2494 Xl.
595 2431 670 2493 Xlll.
708 2432 766 2494 XV.
804 2432 890 2494 XVll.
925 2432 1040 2495 XVllll.

211 2619 337 2669 1Habet
355 2633 383 2678 a,
409 2633 436 2680 c,
456 2633 483 2680 r,
503 2633 524 2670 s.
548 2615 560 2684 11
584 2616 688 2687 autem]
715 2620 786 2669 euim
810 2636 836 2683 r,
857 2635 878 2670 s.
907 2617 918 2686 11
948 2623 1040 2671 autem
1066 2620 1111 2670 vel

142 2704 188 2738 om.
209 2702 232 2739 c.
319 2688 447 2750 2partes
470 2686 545 2736 solas
564 2703 593 2748 c,
617 2702 643 2750 r,
663 2702 685 2736 s.
773 2691 788 2738 3
807 2689 836 2737 in
858 2688 984 2752 partibus
1003 2688 1111 2738 numeri

141 2760 259 2804 marcatum
276 2755 302 2803 in
324 2753 468 2818 inparibus
486 2755 607 2804 numeris
627 2767 657 2816 ας
681 2756 794 2820 imparis
812 2757 919 2806 numeri
942 2757 968 2805 in
989 2757 1070 2806 litura
1087 2771 1109 2808 a.

142 2821 281 2872 bbabeat
300 2835 360 2870 eum
379 2820 399 2869 f.
441 2821 499 2870 lsi
516 2837 581 2872 vero
600 2837 625 2881 a,
640 2837 664 2886 c,
677 2836 700 2889 r,
714 2838 736 2873 s.
759 2820 771 2890 11
795 2825 839 2875 ·11·
859 2840 884 2887 a,
899 2823 918 2889 l,
932 2839 953 2873 r.
999 2825 1031 2874 11
1044 2825 1112 2875 Post

142 2889 191 2940 hos
212 2888 296 2939 duces
315 2904 335 2938 s.
356 2884 368 2955 11
391 2893 554 2952 nascantur,
582 2893 642 2940 ain
660 2906 678 2940 u
695 2899 789 2942 oculato
808 2908 833 2941 a.
863 2888 874 2958 11
903 2893 1112 2957 superpartien-

142 2961 199 3019 tes,
219 2955 393 3016 omissosub,
413 2972 437 3007 c.
494 2960 525 3008 13
544 2959 587 3009 ·II·
607 2974 632 3021 a,
646 2958 665 3021 1,
684 2974 705 3020 r,
725 2975 747 3010 s.
772 2955 784 3025 11
807 2958 864 3010 ·111·
885 2976 910 3020 a,
931 2975 954 3021 c,
974 2959 994 3019 f,
1013 2958 1032 3021 l,
1050 2975 1073 3022 r,
1088 2975 1109 3010 s.

141 3020 150 3089 11
163 3028 280 3087 quatuor
297 3021 331 3087 b,
350 3024 375 3077 d.
399 3020 411 3090 11
435 3024 576 3090 quaelibet
594 3026 614 3075 f.
693 3028 725 3077 14
744 3025 829 3077 alium
847 3042 895 3078 om.
916 3043 937 3077 c.
1014 3029 1046 3079 16
1065 3042 1112 3078 su-

141 3091 344 3156 perbipartiens
367 3087 408 3143 hie
426 3101 453 3143 et
474 3094 560 3158 infra,
585 3094 627 3144 ubi
648 3095 715 3145 idem
731 3097 771 3145 uel
787 3096 867 3146 simile
885 3095 1030 3147 vocobulum
1047 3097 1111 3161 lepi-

142 3166 220 3211 turc.
275 3160 306 3209 16
324 3159 347 3209 si
364 3175 431 3212 vero
446 3176 510 3227 c,r‚
524 3178 547 3213 s.
569 3158 582 3229 11
606 3163 664 3214 -ΙΠ-
684 3177 707 3224 c,
728 3162 753 3212 d.
776 3158 789 3230 11
813 3167 944 3228 quattuor
961 3163 986 3214 d.
1022 3166 1054 3214 21
1068 3165 1109 3213 iu·

142 3227 277 3291 cipieutes
296 3243 343 3278 om.
363 3244 388 3280 a.
435 3231 468 3281 23
486 3231 718 3296 superpartientis
737 3247 765 3290 a,
788 3246 811 3284 c.
859 3234 893 3282 24
910 3233 959 3282 Fit
976 3247 998 3282 s.
1035 3234 1110 3283 abet

139 3294 172 3343 26
189 3295 224 3344 In
242 3294 260 3344 d
278 3297 327 3346 duo
345 3296 372 3347 lu'
387 3313 475 3349 uersus
492 3300 519 3348 in
536 3301 649 3364 marpirre
666 3299 792 3361 inferiore
815 3302 932 3364 leputatur
948 3302 997 3352 sed
1013 3302 1110 3350 additis

140 3362 194 3412 ·XI·
214 3362 282 3413 ·XII·
301 3369 327 3413 et
349 3364 429 3416 XXI·
454 3365 554 3418 XXIII·
594 3366 695 3416 Tertius
716 3381 805 3418 cereus
829 3370 942 3420 continet
964 3371 1018 3421 ·VI·
1042 3368 1109 3420 eius·

140 3463 187 3512 que
206 3448 297 3512 duplos
315 3464 393 3514 arsque
412 3452 448 3501 ud
465 3436 642 3509 ffiuxxn,
662 3459 769 3516 quartus
785 3468 874 3505 verens
892 3454 932 3504 ·X·
945 3455 1049 3520 eiusque
1062 3457 1109 3509 dar·
