2392 3922
369 150 461 202 ruse.
479 149 631 201 ARITHM.
650 151 692 213 11,
711 151 752 202 eo.
983 149 1042 212 121

76 318 130 383 des
144 320 344 380 nominantur.
389 321 427 382 Ut
448 320 472 377 si
495 319 560 397 quis
575 318 632 378 lroc
648 317 736 378 modo
752 318 853 378 iaciat:
876 319 948 380 ·llll·
970 339 1043 399 qua·

74 413 121 466 ter
141 405 257 474 novica,
281 405 330 483 qui
353 404 421 465 inde
437 411 648 482 procreantur,
672 419 787 462 asseres
807 402 948 463 nominati
963 413 1039 464 sunt.

75 488 232 567 Sphenisci
252 507 337 558 vero,
359 505 434 568 quos
456 485 598 547 cuneolos
613 489 748 562 superius
764 485 989 564 appellavimus,
1012 486 1043 547 lu

74 580 157 645 sunt,
181 574 231 652 qui
253 591 289 634 ex
303 570 508 651 inaequalibus
529 568 724 650 inaequaliter
740 570 819 630 ducti
835 587 889 647 per
904 571 1043 649 inaequa-

71 655 112 719 lia
133 666 309 732 creverunt,
335 656 517 735 cybivero,
550 655 601 732 qui
627 672 664 715 ex
684 652 858 734 aequalibus
880 654 1067 731 aequaliters

73 757 128 820 per
144 740 275 821 aequalia
291 739 429 820 producti
443 746 520 798 sunt.

246 963 290 1018 Dc
307 963 502 1018 circularibus
517 965 560 1019 oet
575 963 720 1034 opitericic
734 967 872 1020 numerio.

138 1109 226 1170 XXX.
271 1109 407 1189 ipsorum
434 1127 505 1170 vero
526 1108 668 1188 cyborum
693 1111 913 1190 quanticunque
933 1110 1043 1171 luerint

72 1196 112 1257 ita
135 1195 231 1264 ducti,
253 1201 285 1254 ut
306 1212 322 1254 a
343 1211 402 1272 quo
424 1211 549 1254 numero
566 1193 684 1272 cybicae
700 1196 868 1273 quantitatis
883 1193 959 1255 latus
975 1214 1041 1256 coe-

71 1281 163 1359 perit,
191 1279 220 1338 iu
247 1278 374 1338 eundem
395 1277 555 1338 altitudinis
577 1279 747 1339 extremitas
771 1281 961 1350 terminetur,
988 1291 1082 1340 nir-1⁰

73 1381 173 1423 merus
189 1361 238 1422 ille
255 1361 385 1442 cyclicus
400 1360 446 1422 vel
462 1363 617 1441 sphericus
633 1361 813 1447 appellatur;
835 1370 867 1424 ut
882 1369 951 1424 suut
965 1363 1039 1424 mul·

71 1447 283 1526 tiplicationes,
301 1463 377 1524 quae
394 1465 409 1506 a
426 1445 560 1524 quinario
577 1444 652 1507 vela
669 1449 786 1508 senario
801 1447 1040 1525 proficiscuntur.

72 1531 147 1593 Nam
162 1532 320 1610 quinquies
336 1533 481 1609 quinque,
503 1531 603 1609 quilii
619 1530 729 1602 ·XXV·,
752 1531 789 1593 ab
807 1534 848 1593 ·V·
865 1549 1042 1610 progressus

71 1617 100 1676 in
115 1615 234 1676 eosdem
248 1614 356 1676 desinit
370 1617 411 1676 ·V·
442 1615 515 1676 Etsi
530 1616 584 1675 bos
600 1633 705 1676 rursus
721 1616 877 1696 quinquies
893 1615 992 1682 ducas,
1010 1619 1041 1675 in

73 1699 193 1762 eosdem
210 1698 251 1755 ·V·
268 1717 373 1760 eorum
385 1701 532 1760 terminus
542 1700 648 1759 veniet.
676 1700 839 1779 Quinquies
853 1701 929 1760 enim
945 1700 1039 1760 ·XXV·
1055 1709 1080 1748 1⁵

72 1785 155 1846 fiunt.
189 1783 307 1844 ·CXXV·
325 1787 394 1844 etsi
410 1784 464 1842 bos
479 1801 584 1846 rursus
600 1785 755 1863 quinquies
771 1784 875 1851 ducas,
892 1785 921 1843 in
937 1787 1040 1862 quina-

71 1868 151 1929 rium
171 1885 328 1929 numerum
350 1869 519 1928 extremitas
535 1867 753 1929 terminabitur.
797 1872 891 1946 Atque
913 1868 970 1927 boc
991 1887 1041 1927 us·

71 1970 130 2033 que
150 1953 180 2014 in
202 1952 348 2012 inlinitum
370 1951 447 2012 idem
469 1969 587 2032 semper
608 1954 732 2013 eveniet.
777 1952 862 2021 Quod
878 1953 907 2011 in
923 1953 1041 2012 senario

72 2054 192 2115 quoque
213 2037 349 2097 convenit
376 2035 567 2097 considerari.
617 2036 654 2098 Hi
674 2046 772 2098 autem
794 2038 910 2097 numeri
929 2036 1040 2096 ideirco

72 2120 176 2202 cyclici
198 2119 244 2182 vel
259 2121 390 2200 spherici
404 2128 563 2190 vocantur,
586 2120 666 2198 quod
682 2122 790 2200 sphera
806 2119 851 2181 vel
867 2119 995 2182 circulus
1009 2122 1040 2180 in
1053 2128 1080 2169 20

71 2205 187 2284 proprii
202 2220 320 2284 semper
336 2206 476 2283 principii
491 2207 660 2266 reversione
676 2205 851 2266 formantur.
896 2205 947 2266 Est
962 2206 1041 2265 enim

72 2287 203 2350 circulus
216 2291 313 2369 posito
329 2289 456 2367 quodam
473 2297 584 2368 puncto
604 2289 704 2350 etalio
721 2290 835 2351 eminus
851 2289 948 2350 deliro
962 2287 1040 2349 illius

70 2375 191 2452 puncti,
213 2375 264 2453 qul
286 2374 402 2434 eminus
422 2375 498 2435 fixus
519 2381 576 2445 est,
598 2373 760 2454 aequaliter
780 2374 891 2435 distans
912 2391 927 2433 a
944 2374 1040 2450 primo

71 2465 183 2536 puncto
203 2457 416 2519 circumductio
437 2466 467 2519 et
485 2459 521 2519 ad
538 2460 663 2521 eundem
680 2457 777 2527 locum
793 2459 938 2536 reversio,
961 2457 1040 2518 unde

141 2679 155 2726 1
176 2681 340 2741 quemme,
361 2682 493 2759 quattuor
511 2679 531 2728 f.
601 2681 617 2730 3
636 2678 764 2760 Spherici
782 2692 812 2738 a,
832 2692 859 2757 sq
877 2677 998 2758 spherici
1016 2684 1041 2727 et

68 2744 904 2878 uua.'attulitt'lssltu,lr1t1'lu¹⁸.t.tu.⁶lt¹¹,¹·.⁰,¹
919 2744 1041 2863 laelii?

69 2878 113 2929 los
130 2878 177 2928 vel
194 2879 328 2931 hemiolos
340 2897 366 2943 ες
384 2881 538 2932 bemiholos
556 2882 602 2932 vel
620 2880 754 2931 emibolos
766 2881 803 2943 F3
823 2879 978 2930 hemiholcs
996 2878 1041 2929 vel

69 2948 97 2996 in
113 2949 228 3011 marpioe
245 2947 277 3012 b;
304 2962 385 3014 cupro
402 2965 501 3000 versiam
522 2949 545 3010 l,
569 2964 593 2998 r.
662 2950 761 2998 bvero
780 2948 892 2998 ⁵11an.
962 2947 1042 2997 'Ilu-

69 3015 160 3077 scrt'pt.
174 3030 221 3066 oue
235 3015 260 3068 d.
282 3012 295 3081 ΙΙ
316 3018 433 3082 spericis
446 3033 472 3082 r,
491 3017 600 3082 spiricis
613 3030 635 3068 s.
687 3017 703 3066 8
720 3014 864 3066 XXVIIII.
878 3013 897 3067 l.
950 3012 1041 3065 1018-

69 3080 199 3132 titudinis
218 3098 244 3144 ι,
263 3099 286 3136 c.
349 3087 380 3134 11
400 3084 515 3150 cybicus
532 3085 553 3134 f.
580 3079 594 3149 ΙΙ
622 3083 744 3146 apericus
762 3097 783 3143 r,
802 3082 834 3131 F.
896 3084 928 3132 12
947 3096 964 3131 a
981 3086 1041 3130 unte

70 3150 246 3200 emericum.
266 3167 297 3214 a,
317 3167 345 3213 c,
365 3152 388 3215 l,
408 3168 431 3205 s.
468 3153 500 3202 1³
521 3152 560 3201 ·V·
580 3166 608 3211 c,
628 3149 703 3212 d,r‚
722 3163 744 3200 s.
772 3144 785 3214 ll
814 3148 923 3215 quilii]
943 3164 990 3200 orn.
1010 3163 1039 3204 c;

69 3213 141 3266 fiunt
158 3232 179 3268 s.
248 3219 280 3268 14
297 3235 404 3270 rursum
424 3235 449 3281 a,
468 3219 495 3278 b,
515 3235 539 3282 c,
558 3218 579 3281 l,
597 3216 617 3280 1,
637 3233 659 3278 r,
679 3231 701 3266 e.
730 3212 742 3281 ll
771 3215 918 3279 eduense,
938 3216 1040 3279 f‚r‚e.

70 3284 102 3332 16
120 3281 201 3350 fiunt]
219 3290 285 3336 suut
296 3302 323 3352 a,
337 3288 364 3338 b.
388 3283 401 3354 ΙΙ
423 3301 530 3337 rursum
543 3301 566 3336 c.
619 3287 651 3334 1⁷
670 3284 835 3334 terminetur
851 3298 873 3333 s.
926 3284 958 3334 18
978 3296 1040 3334 eve·

69 3350 144 3415 niet3
163 3369 178 3403 e
196 3356 313 3418 inducto,
333 3370 363 3418 aq
381 3355 476 3406 veniet
493 3355 521 3407 b.
573 3351 727 3417 cosparini
745 3366 766 3413 r,
785 3352 816 3402 F.
840 3347 852 3417 ΙΙ
875 3349 1000 3416 esperod,
1018 3364 1040 3400 r.

69 3419 102 3469 21
121 3434 232 3486 semper
247 3437 296 3473 om.
314 3424 348 3474 F.
418 3424 529 3474 m-ut
548 3425 576 3472 et
594 3419 650 3471 alio
736 3423 841 3484 puncto
863 3423 951 3470 eadem
968 3430 1042 3468 manu

68 3487 95 3536 in
112 3490 226 3553 morpine
243 3489 274 3542 F.
