2392 3922
414 135 503 187 msr.
522 134 675 187 Amruu.
694 135 721 193 1,
740 135 781 184 ra.
1037 131 1078 196 37

110 307 180 375 bus;
212 306 355 386 quosdam
377 315 490 376 autem,
512 312 545 365 ut
566 310 685 384 praeter
706 305 849 364 unitatem
872 321 974 364 eorum
998 302 1078 364 nulla

110 410 249 452 mensura
272 393 317 452 sit.
362 391 420 463 Qui
441 407 512 468 ergo
534 387 645 449 nullam
666 405 834 448 mensuram
851 396 969 466 praeter
983 389 1078 449 unita·

109 487 170 538 tem
196 476 355 556 recipiunt,
390 476 445 535 bos
471 475 585 553 primos
613 480 643 532 et
666 473 879 552 incompositos
905 473 1078 543 iudicamus,

111 562 162 640 qui
183 578 253 622 vero
275 559 402 639 aliquam
426 575 598 619 mensuram
618 565 738 635 praeter
760 559 902 617 unitatem
916 556 962 618 vel
978 557 1077 618 alieni·

110 664 204 723 genae
219 646 311 725 partis
325 642 504 706 vocabulum
520 643 699 709 sortiuntur,
723 658 773 702 eos
794 641 1018 721 pronuntiemus
1034 656 1106 703 ses

109 731 223 791 cundos
240 737 329 810 atque
345 728 536 807 compositos.
556 726 688 786 Tertium
700 743 771 786 vero
787 723 858 785 illud
873 741 966 802 genus
980 745 1034 805 per
1049 744 1081 786 se

110 815 235 876 secundi
251 823 280 875 et
295 812 466 891 compositi,
488 812 575 891 primi
595 828 665 870 vero
687 820 716 870 et
731 811 921 889 incompositi
942 810 979 869 ad
995 810 1081 870 alter·
1146 820 1150 827 ’

111 907 214 959 utrum
238 897 415 978 comparati,
440 897 494 956 bac
515 897 669 975 inquisitor
689 896 819 966 ratione,
848 896 1006 974 repperiet.
1053 895 1083 955 Si

113 984 194 1042 euim
217 981 363 1061 quoslibet
389 980 454 1041 illos
479 961 618 1041 nufneros
644 980 808 1041 secundum
829 997 914 1040 suam
935 981 967 1039 in
988 987 1083 1040 semet

113 1068 194 1145 ipsos
215 1064 389 1145 multiplices
410 1067 615 1146 quantitatem,
638 1067 689 1144 qui
704 1074 917 1145 procreantur,
939 1063 1122 1124 adalter·1o

111 1158 213 1210 utrum
230 1152 390 1229 comparati
410 1149 489 1212 nulla
506 1168 664 1212 mensurae
684 1151 892 1210 communione
908 1150 1081 1227 iunguntur.

112 1234 171 1295 ·lll·
187 1235 265 1294 enim
282 1242 311 1294 et
328 1236 369 1295 ·V·
381 1237 405 1296 si
420 1234 606 1315 multiplices,
626 1234 684 1295 ·lll·
700 1237 789 1295 tertio
806 1234 900 1295 ·Vllll·
918 1235 1035 1302 sacient,
1054 1242 1083 1294 et

109 1321 265 1399 quinquies
283 1319 325 1377 ·V·
342 1319 467 1381 reddent
484 1321 580 1382 XXV·
622 1320 673 1380 His
688 1320 776 1398 igitur
793 1319 872 1380 nulla
888 1326 933 1380 est
948 1337 1081 1380 commu·

109 1405 153 1464 uis
169 1422 330 1465 mensurae
346 1407 488 1482 cognatio.
512 1406 626 1467 Rursus
640 1406 682 1465 ·V·
697 1413 725 1465 et
739 1405 807 1464 ·Vll·
821 1422 896 1483 quos
911 1411 1080 1483 procreant,

110 1491 135 1549 si
151 1506 316 1568 compares,
334 1489 363 1548 bi
379 1507 497 1569 quoque
512 1489 829 1552 incommensurabiles
845 1496 942 1565 erunt.
989 1489 1080 1561 Quin·
1095 1503 1120 1543 u

109 1575 192 1651 quies
213 1575 291 1633 euim
310 1575 362 1644 ·V·,
380 1585 413 1635 ut
428 1575 538 1636 dictum
555 1583 613 1645 est,
634 1575 739 1646 -xxt,
757 1576 866 1655 septies
885 1574 953 1634 ·Vll·
972 1573 1083 1634 iaciunt

111 1657 268 1728 ·XLVllll·,
286 1676 413 1737 quorum
428 1677 567 1720 mensura
584 1659 665 1720 nulla
682 1661 848 1721 communis
860 1669 914 1729 est,
933 1660 989 1719 nisi
1005 1660 1082 1719 lorte

110 1743 241 1803 omnium
258 1743 365 1804 horum
380 1746 564 1823 procreatrix
583 1752 612 1804 et
626 1752 720 1806 mater
737 1747 844 1806 unitas.

110 1931 154 1986 De
171 1934 335 1986 inventione
350 1946 449 1987 eornm
464 1947 657 2002 numerorum,
675 1937 726 2005 qui
741 1935 781 1988 nd
794 1935 958 1989 resecandi
972 1940 998 1988 et
1011 1949 1084 1987 com·

168 2016 258 2086 positi
272 2021 352 2085 sunt,
371 2017 410 2070 ad
424 2018 496 2071 alios
512 2030 580 2072 uero
596 2019 684 2071 relati
695 2020 784 2087 primi
798 2024 824 2072 et
839 2018 1028 2087 incompositi.
1098 2043 1124 2082 20

177 2160 278 2223 XVlll.
321 2163 383 2234 Qua
405 2180 475 2223 vero
490 2163 606 2223 ratione
627 2162 700 2224 tales
715 2180 855 2223 numeros
870 2162 1002 2223 invenire
1017 2181 1083 2242 pos·

110 2248 218 2317 simus,
241 2249 266 2308 si
288 2250 354 2327 qnis
375 2246 463 2309 nobis
484 2247 605 2309 eosdem
628 2256 777 2328 proponat
797 2255 826 2309 et
847 2249 974 2327 imperet
994 2265 1083 2326 agno·

110 2348 211 2401 scere,
239 2340 337 2393 utrum
359 2331 454 2413 aliqua
479 2351 618 2394 mensura
641 2332 924 2394 commensurabiles
945 2334 1018 2403 sint,
1046 2351 1083 2394 aa

102 2416 267 2476 ceresola
285 2419 381 2479 unitas
397 2425 540 2496 utrosque
556 2419 710 2489 metiatur,
734 2418 924 2497 repperiendi
947 2437 995 2479 ars
1018 2418 1082 2478 talis

109 2509 162 2560 est.
209 2500 289 2563 Datis
316 2504 394 2563 enim
422 2501 539 2563 duobus
559 2505 692 2564 numeris
713 2502 933 2580 inaequalibus,
963 2503 1135 2570 auferrent:

109 2584 146 2645 de
168 2587 281 2648 maiore
302 2588 449 2648 minorem
471 2587 635 2667 oportebit,
664 2588 762 2667 etqui
784 2588 905 2650 relictus
928 2588 1031 2656 luerit,
1059 2590 1083 2649 si

108 2670 204 2730 maior
226 2677 284 2741 est,
308 2671 428 2733 auferre
450 2690 484 2732 ex
501 2691 537 2733 eo
553 2689 658 2734 rursus
673 2672 837 2741 minorem,
860 2675 884 2732 si
900 2691 971 2734 vero
986 2675 1083 2733 minor

111 2753 219 2824 inerit,
247 2774 313 2816 eum
342 2775 377 2818 ex
404 2755 519 2836 reliquo
544 2759 658 2820 maiore
682 2757 838 2819 detrahere
861 2764 948 2838 atque
970 2758 1026 2818 hoc
1049 2777 1083 2818 eo

176 2924 458 2991 temperatione.
483 2923 494 2993 ΙΙ
523 2927 596 2977 hanc
618 2927 774 2990 insequitur
796 2927 932 2977 rationem
963 2928 1085 2992 reperiet

107 3015 133 3056 et
155 3023 236 3073 supra
258 3025 370 3060 ameum:
392 3009 447 3061 hae
471 3011 620 3076 inquisitor
641 3013 751 3064 ratione
775 3013 899 3078 reperies
922 3027 943 3066 r.
978 3008 990 3078 l}
1024 3020 1084 3061 ante

105 3077 247 3141 repperiet
264 3080 339 3128 addit
356 3093 382 3128 s:
401 3077 507 3130 nullam
525 3094 671 3132 mensurae
690 3081 827 3131 rationem
845 3087 872 3130 et
887 3095 918 3130 au
937 3095 1084 3130 repemina

107 3142 226 3194 subaudi
244 3160 302 3211 per.
332 3142 344 3213 [Ι
378 3148 521 3212 repperies
540 3147 570 3208 d,
590 3148 609 3202 l.
680 3150 711 3198 12
730 3149 834 3198 Tresc
917 3095 936 3212 f
962 3148 1083 3211 quinque

107 3225 137 3273 a,
156 3211 179 3275 l,
198 3227 224 3276 r,
244 3228 266 3264 s.
295 3210 307 3280 {l
335 3218 393 3264 tres
411 3215 443 3274 b,
463 3216 492 3278 d,
514 3215 534 3269 f.
563 3211 575 3282 Ι]
604 3216 698 3266 tertio.
718 3216 773 3266 ·III·
794 3231 818 3270 e.
842 3144 988 3282 lislaaliunt
1006 3231 1038 3279 a,
1059 3214 1083 3274 f;

106 3277 229 3344 facient,
254 3297 269 3332 e
291 3285 318 3332 in
335 3284 427 3341 litura,
451 3298 475 3333 r.
551 3285 583 3335 la·
600 3283 719 3334 reddunt
737 3283 757 3334 f.
792 3279 804 3350 ll
839 3282 1038 3334 communionis
1057 3296 1084 3329 a.

107 3347 138 3396 14
157 3349 279 3413 quinque
299 3349 371 3415 a‚l,
390 3365 418 3413 r,
437 3365 460 3404 s.
493 3346 506 3417 ΙΙ
540 3350 695 3415 septemb,
716 3351 734 3400 i.
812 3351 844 3400 16
866 3349 985 3414 quinque
1005 3364 1035 3408 a,
1056 3349 1108 3407 b,·

104 3412 129 3476 1,
149 3430 169 3469 r,
200 3411 212 3483 ll
241 3422 347 3484 septem
367 3433 397 3482 a,
416 3419 447 3477 b,
466 3417 497 3482 d,
517 3418 541 3482 l,
559 3433 588 3484 r,
608 3434 631 3470 s.
657 3414 670 3484 ss
700 3418 809 3468 faciunt
827 3433 873 3467 om.
895 3431 918 3464 o.
990 3417 1022 3464 19
1043 3414 1085 3471 Τι’-

107 3483 173 3533 tuine
191 3485 217 3534 in
234 3488 347 3551 marpiae
364 3487 459 3551 lepitnr
476 3487 502 3536 in
520 3485 545 3539 d.
619 3487 653 3536 22
677 3486 758 3535 nobis
777 3501 824 3538 om.
846 3498 869 3535 o.
