2392 3922
360 164 452 216 mer.
471 163 624 219 turrem.
641 167 682 228 11,
703 164 743 212 rc.
998 161 1040 226 99

67 352 141 412 que,
165 337 215 413 qni
237 351 268 394 se
289 335 419 394 ternario
435 334 596 394 vincerent.
642 331 809 393 Secundum
832 331 899 392 tolia
920 350 1038 412 quoque

68 426 229 496 augmenta
249 434 449 494 exngouorum
472 417 518 477 vel
535 426 748 496 eptogonorum
764 415 810 477 vei
826 425 1038 493 octogonorum

65 503 113 562 vel
128 521 232 562 norem
248 501 375 562 laterum
391 503 485 580 figura
503 501 547 562 vei
565 500 609 561 ·X·
624 499 768 577 quotlibet
788 501 912 561 eliorum
929 518 1039 578 conpe-

65 589 145 648 tenti
159 589 368 666 progressione
384 587 549 646 coniicitur.
589 586 629 645 Ut
644 586 768 645 enimin
784 592 951 664 pentagono
967 584 1039 645 duo·

65 671 122 732 bns
134 672 310 731 intermissis
324 688 374 731 eos
386 669 592 748 iungebamus,
606 671 656 748 qui
669 688 701 730 se
713 672 843 729 ternario
853 677 1036 748 superarent,
1051 685 1064 724 s

65 774 146 815 nunc
166 757 195 814 in
212 772 346 833 exagono
363 755 457 814 tribus
472 755 650 814 intermissis
672 772 722 814 eos
745 755 919 831 iungemus,
942 755 1039 832 quise

65 844 256 919 quaternario
271 847 438 907 transeant,
462 848 490 897 et
511 850 598 899 erunt
618 837 736 917 quidem
754 856 857 898 eorum
873 836 990 897 radices
1011 844 1039 896 et

63 924 271 991 fundamenta,
295 941 331 980 ex
352 922 458 997 quibus
480 923 587 982 iunctis
603 940 706 982 omnes
722 924 845 1000 exagoni
859 928 1036 982 nascuntur:

62 1008 84 1066 I.
103 1008 136 1067 V.
154 1007 241 1067 VIIII.
261 1006 337 1066 XIII.
352 1006 439 1067 XVII.
456 1006 531 1066 XXI.
556 1014 585 1067 et
606 1006 641 1066 ad
664 1007 793 1066 eundem
816 1006 949 1066 ordinem
967 1023 1038 1065 con·

64 1099 235 1168 sequentes.
258 1093 351 1167 Atque
368 1091 405 1150 ab
418 1091 464 1152 his
478 1090 718 1166 sexangulorum
733 1091 845 1150 formae
859 1096 1037 1150 nascuntur:
1053 1104 1077 1143 10

62 1176 83 1235 I.
111 1175 156 1235 VI.
179 1174 238 1234 XV.
261 1174 387 1235 XXVIII.
409 1174 493 1235 XLV.
511 1175 607 1235 LXVI.
626 1192 701 1253 quos
719 1174 754 1234 ed
771 1175 956 1253 superiorem
974 1193 1037 1233 mo-

64 1260 134 1320 dum
152 1258 263 1334 scilicet
278 1258 441 1337 descriptos
456 1262 486 1318 in
503 1260 631 1337 propriis
647 1258 802 1319 ordinibus
818 1257 998 1336 pernotabis.

63 1417 108 1472 De
124 1419 276 1488 eptagonis
291 1431 445 1487 eorumque
460 1416 697 1488 generationibus
709 1424 736 1470 et
748 1419 903 1471 entremenis
915 1418 1036 1471 omnium

62 1503 226 1572 figurarum
241 1501 431 1555 inveniendae
445 1503 641 1572 generationis
656 1502 758 1572 regula
771 1501 1036 1571 descriptionesque

462 1586 635 1656 figurarum.
1049 1593 1073 1633 15

127 1713 199 1774 XVI.
246 1714 367 1790 Septem
396 1731 466 1773 vero
494 1713 670 1791 angulorum
698 1714 792 1790 figure
820 1721 877 1782 est,
909 1731 976 1772 cum
1000 1712 1056 1787 ad·

63 1799 191 1858 eundem
208 1797 344 1857 ordinem
359 1798 577 1874 progressionis
602 1816 660 1857 nno
682 1797 749 1877 plus
771 1816 857 1876 quam
879 1798 909 1856 in
931 1815 1035 1856 sexan-

63 1881 317 1959 gulorum‘iigura
339 1899 465 1941 numero
485 1882 654 1943 intermisso
670 1883 818 1960 superiori
835 1883 1034 1942 coniunxeris.

62 1965 138 2026 Nam
155 1967 179 2024 si
195 1972 332 2042 quattuor
346 1967 543 2043 interpositis,
568 1967 617 2042 qui
634 1985 666 2027 se
682 1967 816 2043 quinario
832 1968 964 2033 vincent,
985 1966 1035 2025 ad-

62 2050 248 2128 gregaveris‚
284 2052 420 2125 eptegoni
459 2051 599 2110 continuo
629 2051 723 2127 figura
753 2059 906 2117 nascetur,
943 2057 976 2109 ut
1006 2051 1075 2108 biso

61 2135 182 2195 numeri
204 2134 262 2194 sint
286 2152 389 2194 eorum
413 2134 528 2194 radices
552 2142 594 2200 et,
627 2144 659 2195 ut
687 2136 824 2212 superius
847 2135 958 2194 dictum
981 2143 1034 2201 est,

61 2218 270 2278 fundamenta:
294 2219 316 2277 I.
338 2218 383 2277 VI.
408 2218 455 2278 XI.
477 2218 549 2278 XVI.
572 2218 646 2278 XXI.
693 2218 749 2289 Qui
765 2236 834 2279 vero
851 2238 886 2278 ex
903 2219 948 2277 his
964 2236 1034 2277 con-

62 2310 154 2370 stent,
171 2303 300 2361 bisunt:
323 2303 345 2361 I.
368 2302 426 2362 VII.
448 2302 548 2363 XVilI.
570 2303 712 2363 XXXIIII.
735 2303 792 2363 LV.
838 2304 948 2363 Novem
966 2319 1034 2360 vero

62 2385 241 2461 angulorum
263 2386 427 2446 secundum
452 2387 579 2447 eundem
596 2387 730 2447 ordinem
746 2389 841 2446 forma
858 2394 1033 2466 procreatur

60 2473 115 2539 ite,
138 2478 171 2530 ut
190 2471 354 2530 secuudum
375 2471 528 2549 aequalem
550 2476 789 2549 progressionem
810 2472 898 2548 primi
914 2489 1032 2550 qnoque
1047 2489 1072 2526 25

60 2572 164 2615 eorum
180 2556 294 2615 numeri
308 2553 427 2615 distent.
462 2555 535 2616 Nam
548 2557 578 2615 iu
590 2555 737 2632 triangulo
757 2557 807 2632 qui
825 2563 894 2616 sunt
908 2557 1033 2624 numeri,

60 2655 138 2717 quae
153 2640 248 2716 prime
265 2639 431 2717 superficiei
447 2641 541 2716 figura
559 2648 616 2710 est,
634 2658 693 2699 uno
707 2659 772 2701 sese
786 2648 899 2700 tantum
917 2644 1034 2701 numeri

58 2722 259 2801 praecedunt,
282 2725 331 2800 qui
352 2723 478 2793 scilicet,
503 2743 607 2785 eorum
630 2731 765 2784 naturam
788 2725 1033 2803 descrIptionem·

131 2892 144 2939 1
164 2906 274 2954 quoque
293 2890 363 2940 talia
381 2902 413 2953 a.
431 2909 457 2953 c,
479 2907 501 2942 s.
570 2892 649 2942 evei
669 2896 869 2958 eptagonorum
888 2909 935 2945 om,
955 2908 985 2953 a,
1005 2892 1032 2953 b,

59 2975 90 3022 o,
114 2958 146 3021 d,
171 2958 194 3018 13
225 2974 306 3022 snpra
328 2974 425 3008 versum
444 2975 465 3008 r.
494 2955 507 3024 ΙΙ
541 2964 737 3025 octogonorum
756 2961 785 3021 d,
808 2961 827 3009 f.
903 2959 1033 3010 3decem

58 3027 89 3089 d,
103 3026 123 3075 f.
141 3021 155 3090 ss
171 3024 315 3088 quodlibet
326 3042 348 3080 r.
402 3030 416 3077 ”i
435 3027 546 3076 radices
561 3042 653 3077 eorum
666 3027 691 3081 d.
744 3032 760 3078 9
779 3022 890 3093 ·VIIII·]
911 3026 1032 3077 ·V111·c.

59 3096 91 3143 12
110 3087 243 3158 propriis]
262 3092 305 3143 his
324 3110 349 3146 a.
404 3096 435 3145 13
455 3095 579 3160 Inscript.
599 3111 645 3145 oni.
660 3095 685 3144 (1.
710 3092 721 3160 Η
745 3096 912 3160 pentagonis
931 3111 957 3154 e,
976 3094 1003 3144 b.
1018 3092 1031 3155 ii

59 3161 197 3211 communi
215 3162 235 3210 f.
259 3157 270 3226 Η
298 3162 418 3212 omnium
437 3178 482 3212 om.
503 3178 529 3224 a,
547 3163 574 3225 b,
594 3164 614 3212 f.
685 3164 717 3211 14
735 3161 888 3213 veniendae
907 3161 924 3210 I.
951 3157 962 3226 ΙΙ
986 3161 1032 3210 de·

57 3229 281 3293 scriptionesque
294 3229 442 3295 figurarum
455 3246 501 3280 om.
517 3244 541 3294 c,
555 3230 576 3293 f,
589 3246 610 3292 r,
626 3245 647 3280 s.
668 3226 679 3296 Η
696 3245 749 3293 que
763 3246 809 3282 oni.
823 3229 841 3279 l.
891 3231 922 3278 16
935 3229 995 3279 XV.
1012 3227 1030 3275 I.

58 3298 90 3345 17
109 3295 310 3362 triangulorum
330 3313 355 3349 e.
426 3300 457 3347 19
477 3299 549 3347 ·1111·
569 3313 596 3359 c;
620 3298 701 3348 IIII⁰r
720 3295 743 3358 l;
769 3299 809 3348 ·V·
828 3313 854 3350 a.
885 3294 896 3361 ΙΙ
926 3311 987 3345 sese
1007 3310 1030 3350 c,

56 3379 84 3427 r,
104 3379 126 3416 s.
196 3366 230 3413 20
247 3361 295 3430 ut]
321 3370 348 3415 et
366 3365 386 3414 f.
457 3367 488 3414 21
507 3366 613 3414 numeri
634 3381 680 3414 om.
701 3363 732 3425 d,
752 3365 776 3425 f;
803 3367 830 3414 in
847 3365 960 3426 margine
978 3377 999 3410 r.
1017 3355 1029 3424 Η

57 3431 169 3482 radices
188 3447 281 3481 eorum
301 3433 326 3484 d.
396 3434 430 3483 25
453 3433 568 3497 primum
586 3449 656 3482 carr.
680 3432 805 3496 inprimi
830 3448 854 3482 a.
907 3432 938 3478 27
959 3441 1030 3491 qnae

55 3499 362 3564 prima....numeri
379 3501 406 3549 in
424 3500 538 3564 margine
556 3515 578 3551 r.
609 3497 621 3564 l]
650 3513 763 3548 numero
783 3499 808 3546 d.

788 3584 832 3645 Ἰ*
