2392 3922
407 157 497 208 mer.
517 156 670 210 antrum
690 159 731 220 11,
752 161 775 208 1.

280 396 460 471 Incipit
497 396 624 451 liher
660 398 902 452 secundus.

111 549 349 615 Quemadmodum
370 550 410 604 ad
430 550 637 619 aequalitatem
659 551 748 602 ononis
768 551 963 620 inaequalitas
991 553 1075 607 rodu-

549 637 644 687 catur.

172 779 194 838 Ι.
225 779 395 856 Superioris
416 776 485 836 libri
505 777 702 855 disputatione
723 777 870 854 digestum
894 786 951 847 est,
974 799 1077 858 quem·

109 863 268 923 admodum
287 872 347 921 tota
362 861 576 940 inaequalitatis
591 860 752 922 substantia
770 881 784 921 a
808 863 943 942 principe
966 865 1012 924 sui
1027 880 1103 941 [re-⁵

109 947 192 1006 neris
214 945 390 1023 aequalitate
410 946 596 1024 processerit.
629 946 688 1005 Sed
710 964 786 1025 quae
807 965 909 1006 rerum
932 946 1075 1009 elementa

111 1037 195 1100 sunt,
220 1049 254 1089 er
275 1030 387 1090 hisdem
408 1028 609 1108 principaliter
625 1030 722 1089 omnia
740 1039 974 1108 componuntur,
998 1035 1078 1092 etin

110 1113 213 1173 eadem
235 1132 338 1174 rursus
364 1112 543 1183 resolutione
570 1113 646 1174 lacta
668 1112 839 1182 solvuntur3
870 1122 915 1183 ut,
938 1117 1077 1194 quoniam

108 1197 274 1258 articularis
290 1198 367 1258 vocis
383 1197 527 1258 elementa
545 1205 613 1258 sunt
628 1197 759 1265 litterae,
777 1197 813 1258 ab
830 1198 871 1258 eis
892 1207 937 1260 est
951 1199 1077 1279 syllaba-

105 1299 173 1341 rum
189 1300 347 1360 progressa
365 1284 534 1343 coniunctio
552 1277 580 1342 et
595 1283 624 1341 in
643 1282 760 1342 easdem
776 1299 880 1343 rursus
901 1285 1077 1344 terminatur
1092 1302 1116 1339 ro

107 1373 268 1435 extremam
291 1367 476 1444 eandemque
496 1367 553 1426 vim
570 1365 684 1426 obtinet
699 1384 789 1426 sonus
805 1368 833 1425 in
854 1369 984 1428 musicis,
1015 1369 1076 1428 lam

106 1468 176 1509 vero
192 1451 335 1511 mundum
353 1469 479 1530 corpora
502 1459 642 1530 quattuor
663 1468 724 1510 non
747 1453 919 1528 ignoramus
942 1451 1074 1522 eilicere;

106 1552 235 1612 namque
250 1544 283 1596 ut
298 1537 350 1596 ait:
375 1535 418 1595 Ex
434 1535 540 1613 imbriq
555 1542 635 1594 terra
651 1542 741 1611 atque
756 1537 852 1596 anima
869 1537 1030 1614 gignuntur
1047 1545 1076 1596 et

106 1620 176 1696 igni.
193 1619 251 1679 Sed
266 1621 298 1679 in
312 1619 387 1680 haec
403 1638 507 1681 rursus
523 1621 587 1679 eius
604 1626 741 1696 quattuor
754 1618 898 1680 elementa
914 1620 947 1680 iit
960 1628 1076 1699 postre-

107 1722 156 1762 ma
176 1702 293 1765 solutio.
324 1705 366 1765 Ita
388 1705 492 1782 igitur,
519 1705 659 1782 quoniam
681 1723 717 1764 ex
739 1701 922 1781 aequalitatis
942 1706 1115 1782 margines

108 1796 228 1848 cunctas
242 1787 459 1865 inaequalitatis
480 1789 594 1865 species
616 1787 764 1866 proficisci
781 1787 926 1857 ridemuS,
950 1789 1046 1848 omnis
1062 1807 1078 1848 a

108 1869 195 1929 nobis
210 1871 401 1949 inaequalitas
422 1873 458 1933 ad
475 1871 679 1950 aequalitatem
701 1871 781 1932 velut
802 1872 839 1932 ad
855 1872 1002 1950 quoddam
1020 1872 1078 1932 ele-

109 1962 244 2015 mentum
260 1956 373 2032 proprii
388 1958 506 2033 generis
521 1956 693 2017 resolvatur.
724 1956 788 2016 Hoc
804 1963 903 2016 autem
918 1961 995 2017 trina
1011 1976 1078 2017 rur·

109 2054 161 2096 sus
175 2039 372 2117 imperatione
389 2038 551 2117 colligitur,
568 2059 660 2119 eaque
675 2039 843 2101 resolvendi
860 2059 908 2100 ars
924 2041 998 2101 datis
1014 2043 1078 2118 qui-

178 2191 192 2237 1
210 2189 304 2246 Anicii
321 2189 422 2240 Manlii
439 2190 565 2242 Severini
577 2192 674 2241 Boecii
692 2178 726 2242 ue
750 2196 778 2241 et
801 2191 850 2244 inl.
871 2191 1007 2242 exconsul
1031 2191 1079 2240 ord

109 2258 224 2322 patricii
250 2257 322 2308 liber
348 2258 484 2308 secundus
511 2259 618 2324 incipit.
647 2275 676 2321 a;
708 2260 801 2309 Anicii
830 2259 921 2309 Mallii
953 2259 1079 2309 Severini

107 2341 206 2391 Boecii
225 2342 332 2404 (Boetii
348 2343 373 2404 Ι)
393 2359 428 2393 vo
441 2342 574 2394 exconsul
591 2343 640 2393 orti
656 2345 770 2408 patricii
788 2343 982 2392 arithmeticae
1001 2344 1080 2392 insti-

109 2409 245 2458 tutionum
263 2409 336 2459 liber
360 2410 495 2460 secundus
520 2410 579 2473 (·11-
599 2410 624 2474 l)
648 2412 756 2475 incipit.
779 2411 810 2472 b,
831 2410 856 2472 l;
883 2411 986 2474 incipit
1007 2411 1079 2460 liber

108 2476 245 2525 secundus
271 2477 465 2527 arithmeticae
489 2478 509 2526 f.
538 2474 549 2543 Η
581 2479 688 2527 Titulum
706 2495 753 2530 om
773 2479 798 2529 d.
828 2474 840 2542 Η
869 2476 1015 2541 secundus]
1035 2479 1079 2528 ·II·

111 2558 138 2596 c.
160 2558 181 2592 s.
269 2547 331 2594 aet
349 2548 364 2595 3
384 2545 461 2594 Hune
480 2547 576 2594 titulum
594 2563 640 2597 om.
661 2562 686 2607 a,
705 2546 732 2607 b,
753 2546 776 2603 f,
796 2545 814 2594 l.
844 2540 857 2611 Η
888 2545 1034 2594 deducitur
1052 2545 1077 2597 d.

108 2610 286 2675 4degestum
306 2628 334 2674 a,
359 2612 495 2662 deiestum
514 2629 534 2664 r.
611 2616 627 2663 5
651 2629 666 2661 a
686 2629 732 2663 om.
759 2628 789 2674 a,
815 2628 838 2665 c.
913 2613 1080 2661 Gelimenta

110 2693 128 2726 a
145 2685 169 2726 et
186 2679 266 2741 iufra.
354 2679 551 2729 9sillabarum
571 2696 602 2745 a,
621 2682 645 2744 l,
665 2697 692 2742 r,
712 2697 732 2729 a.
822 2683 853 2730 10
872 2681 1035 2730 terminatus
1055 2696 1078 2731 c.

212 2755 236 2782 01²
396 2769 402 2779 .

111 2796 142 2843 12
162 2795 232 2844 ·IlII·
247 2813 272 2858 a,
292 2812 314 2856 c,
334 2796 352 2859 l,
373 2812 393 2859 r,
414 2812 440 2857 s;
461 2802 577 2860 quatuor
595 2797 622 2849 b.
694 2800 725 2847 13
743 2803 773 2846 ut
793 2799 993 2847 aitLucretius
1013 2814 1040 2860 c,
1055 2796 1077 2858 l;

107 2867 139 2910 ut
158 2863 199 2911 ait
216 2863 298 2913 Plato
315 2879 340 2926 r3
365 2869 396 2912 ut
420 2867 459 2913 ait
482 2865 630 2914 Lueretius
654 2872 679 2913 et
703 2881 784 2928 supra
806 2881 904 2915 uersum
922 2880 972 2914 sec.
991 2881 1079 2914 uranio:

110 2929 211 2980 Glossa
233 2931 264 2993 b,
285 2946 311 2993 s;
338 2935 370 2980 ut
388 2933 428 2981 ait
446 2940 471 2981 et
488 2948 568 2996 supro
589 2948 688 2982 uersum
711 2937 795 2996 poeta
818 2932 863 2982 vel
886 2931 962 2996 philo
985 2939 1009 2981 et
1026 2949 1078 2982 sec.

108 3013 182 3045 manu
201 2998 303 3061 sophus
321 2998 455 3048 lucretius
475 2999 492 3047 d
516 3000 676 3062 (Lucretius
695 3000 723 3061 Ι,
748 3001 811 3049 tto:
836 3001 876 3048 Er
896 3000 969 3063 igni,
993 3000 1080 3050 Terra

109 3068 193 3128 atque
212 3066 311 3114 Anima
330 3081 505 3130 procrescere
526 3071 554 3116 et
572 3068 675 3126 Imbri).
700 3063 712 3130 Η
736 3066 816 3114 imbri
835 3071 863 3116 et
881 3071 956 3116 terra
969 3082 990 3115 a.
1010 3064 1021 3131 Η
1039 3072 1079 3117 at·

108 3146 161 3194 que
181 3147 226 3183 om.
242 3149 267 3196 a,
287 3149 312 3191 r;
332 3141 461 3198 terraque
480 3135 507 3198 b,
522 3135 578 3195 c,l.
603 3131 614 3199 Η
640 3133 776 3182 animatia
796 3151 825 3195 a;
846 3135 938 3183 anima
957 3142 1081 3199 utsupra

108 3215 207 3249 aeratam
229 3201 247 3249 i.
268 3216 331 3250 aere
349 3201 381 3264 b,
400 3201 417 3250 l.
505 3204 537 3250 14
556 3202 639 3251 ·ΙΙΙΙ·
665 3215 693 3262 c,
714 3216 735 3250 s.
762 3197 773 3265 Η
801 3206 939 3266 postremo
962 3218 992 3264 a,
1013 3219 1042 3264 c,
1062 3202 1080 3249 f.

109 3269 142 3316 15
160 3267 293 3317 resolutio
310 3268 334 3330 s,
359 3284 384 3330 ες
404 3268 517 3328 solutio,
542 3285 571 3318 re
589 3284 670 3333 supro
687 3283 785 3317 uersum
808 3272 896 3319 addito
915 3269 932 3317 l.
963 3265 976 3334 Η
1004 3271 1080 3317 inae-

109 3334 231 3396 qualitas
245 3352 261 3384 a
279 3336 360 3385 nobis
380 3351 404 3399 c,
424 3336 449 3397 d,
470 3337 489 3398 f,
509 3336 527 3400 l,
548 3352 568 3386 r.
622 3338 653 3384 lt
666 3336 749 3384 velud
768 3351 790 3385 s.
814 3335 826 3402 Η
849 3336 926 3388 velut
945 3351 1038 3386 rursus
1053 3350 1076 3394 a,

108 3416 202 3450 rursus
221 3403 298 3452 velut
318 3403 344 3464 d,
364 3402 383 3464 f,
404 3403 422 3463 l,
437 3419 458 3452 s.
530 3405 562 3452 18
580 3405 658 3453 Haec
677 3418 745 3456 corr.
765 3406 790 3452 iu
809 3406 861 3453 hoc
880 3420 907 3463 εις
929 3404 982 3453 hoc
1000 3417 1086 3465 supra

108 3484 205 3517 ceruum
224 3486 244 3518 r.
317 3473 349 3520 19
369 3470 516 3535 collegitur
535 3487 558 3520 c.
