2392 3922
374 170 465 222 msc.
484 170 637 225 norrun.
656 171 698 234 11,
717 172 758 221 er.
994 171 1055 236 133

87 348 212 418 propter
233 341 354 402 unitatis
380 341 587 418 cognationem
614 338 745 398 eiusdem
767 347 855 416 atque
876 341 1057 402 inmutabilis

86 423 268 485 substantiae
284 442 349 486 esse
369 426 543 502 participes,
565 440 653 500 pares
668 441 739 483 vero
755 422 792 483 ob
815 423 922 482 binarii
937 428 1056 485 numeri

87 510 269 569 consortium
291 508 488 570 alteritatibus
510 525 574 568 esse
596 508 774 585 permixtos;
797 515 968 582 tetragonos
984 526 1057 587 quo-

87 609 145 669 que
160 591 197 652 ad
213 593 342 654 eundem
358 592 480 652 modum
496 589 677 651 considerari
694 591 880 652 manifestum
896 598 949 651 est.
981 592 1056 653 Nam

86 676 168 755 quod
183 695 287 738 eorum
303 677 478 753 compositio
495 682 523 734 et
538 676 706 734 coniunctio
723 694 758 735 ex
774 675 927 754 inparibus
942 677 989 744 lit,
1012 677 1083 736 in-o

86 760 220 822 mutabili
236 780 289 822 eos
304 768 429 820 naturae
450 758 649 836 pronuntiabo
665 761 846 820 coniunctos.
878 759 963 829 Quod
987 778 1057 822 vero

85 852 170 922 parte
191 845 284 905 altera
300 844 448 919 longiores
464 862 498 904 ex
515 843 703 920 copulatione
718 846 834 920 parium
850 852 1056 921 procreantur,

87 946 238 1006 nunquam
255 928 292 988 ab
309 926 463 988 alteritatis
479 929 617 988 varietate
636 934 821 1007 separantur.

510 1011 526 1033 ἢ

84 1102 261 1156 Alternotim
270 1103 377 1171 positis
391 1102 543 1174 quadratis
561 1107 589 1158 et
600 1108 690 1173 porte
705 1104 800 1158 ultera
816 1103 994 1175 longioribus
1009 1106 1060 1175 qni

118 1188 156 1240 sit
171 1201 270 1242 eorum
286 1201 444 1242 consensus
458 1188 488 1241 in
503 1188 678 1258 differentiis
694 1194 721 1242 et
735 1189 765 1242 in
777 1188 1023 1258 proportionibus.
1072 1212 1097 1252 10

150 1314 289 1376 XXXVll.
307 1315 381 1376 lllud
397 1317 487 1392 igitur
503 1316 744 1395 perspiciendum
758 1325 815 1386 est,
833 1318 921 1395 quod,
939 1319 963 1377 si
979 1317 1056 1379 idem

85 1401 235 1478 tetragoni
251 1408 278 1459 et
294 1410 378 1477 parte
394 1400 485 1461 altera
502 1399 652 1479 longiores
668 1401 878 1477 disponantur,
901 1403 938 1462 ita
961 1411 994 1462 ot
1016 1402 1056 1462 al·

86 1486 226 1544 ternatim
242 1484 298 1544 sibi
314 1486 455 1563 permixti
469 1487 541 1555 sint,
558 1491 639 1544 tanta
655 1487 685 1545 in
701 1485 747 1544 lris
763 1495 807 1547 est
823 1488 1007 1557 coniunctio,
1025 1493 1057 1547 ut

87 1567 159 1628 alias
174 1568 231 1629 sibi
246 1571 275 1628 in
293 1568 404 1629 eisdem
426 1569 672 1648 proportionibus
688 1571 922 1639 communicent,
945 1570 1056 1632 discre-

87 1660 161 1730 pent
175 1660 273 1713 autem
289 1652 477 1722 differentiis,
500 1653 571 1714 alias
593 1672 662 1714 vero
686 1653 856 1715 differentiis
879 1664 967 1733 pares
989 1657 1055 1726 sint,
1071 1685 1096 1725 15

85 1736 331 1815 proportionibus
362 1738 479 1798 distent.
525 1737 726 1817 Disponantur
757 1741 833 1799 enim
865 1741 893 1799 in
922 1740 1057 1799 ordinem

87 1819 167 1881 idem
182 1819 224 1881 illi
241 1823 412 1898 superiores
436 1823 581 1898 tetragoni
598 1829 624 1882 et
643 1830 727 1898 parte
743 1822 833 1883 altera
849 1821 999 1899 longiores
1021 1822 1057 1882 ab

86 1921 162 1966 uno:
185 1904 207 1964 l.
225 1905 260 1965 ll.
278 1905 341 1966 llll.
359 1905 403 1964 vl.
421 1904 507 1966 Vllll.
524 1905 586 1965 XII.
603 1905 675 1965 XVI.
692 1906 753 1965 XX.
769 1905 855 1965 XXV.
872 1906 961 1966 XXX.
978 1907 1057 1982 Ergo

87 1991 116 2048 in
133 1991 288 2067 superiore
303 1989 429 2049 formula
446 1989 503 2048 hoc
520 1991 647 2055 maxime
662 1991 837 2050 intuendum
854 1997 906 2049 est.
923 1989 1057 2065 Namque

33 2146 38 2153 .
85 2075 163 2134 inter
185 2073 234 2143 ·l-,
257 2076 307 2152 qui
329 2081 373 2134 est
392 2081 583 2150 tetragonus,
609 2078 638 2132 et
655 2073 700 2133 ·ll·
724 2072 813 2152 dupla
830 2075 982 2151 proportio
999 2079 1055 2141 est;
1070 2104 1096 2144 20

84 2159 163 2219 inter
186 2158 231 2218 ·ll·
255 2166 284 2218 et
306 2159 377 2218 ·lill·
400 2156 497 2236 dupla.
535 2157 590 2217 Hic
606 2174 677 2235 ergo
701 2164 874 2234 tetragonus
891 2175 957 2217 cum
974 2164 1057 2236 parte

85 2241 177 2304 altera
198 2241 333 2320 longiore
355 2250 443 2322 atque
464 2243 512 2303 bic
534 2260 602 2302 cum
618 2249 760 2320 sequente
781 2250 936 2321 tetragono
953 2242 1056 2302 eadem

86 2329 282 2404 proportione
297 2329 475 2404 iunguntur,
493 2326 668 2386 differentiis
680 2345 749 2386 vero
762 2344 821 2387 non
838 2327 939 2387 isdem.
967 2326 1056 2386 Nam·

86 2428 144 2490 que
165 2412 301 2472 duorum.
314 2418 402 2491 atque
422 2413 509 2471 unius
530 2410 590 2471 sola
613 2413 710 2472 unitas
733 2411 896 2472 differentia
913 2418 975 2480 est,
1003 2410 1056 2471 sed

85 2495 165 2555 idem
186 2495 244 2555 duo
267 2513 283 2555 a
299 2497 489 2575 quaternario
506 2496 569 2556 solo
585 2495 702 2555 binario
724 2495 941 2575 relinquuntur.
977 2495 1054 2556 Rur-
1068 2523 1094 2564 25

84 2596 137 2640 sus
151 2580 176 2639 si
193 2580 240 2640 ·ll·
257 2580 292 2639 ad
311 2580 384 2640 ·llll·
402 2579 577 2656 speculeris,
595 2579 682 2657 dupla
699 2589 742 2640 est
755 2583 921 2659 proportio,
940 2581 964 2639 si
981 2580 1053 2640 ·llll·

85 2663 121 2723 ad
139 2663 212 2734 ·Vl·,
230 2663 431 2725 habitudinem
449 2663 662 2742 sesqualteram
678 2681 884 2742 recognosces.
913 2665 966 2724 Hic
982 2681 1055 2740 ergo

154 2816 205 2864 aa
230 2851 319 2868 .....
345 2815 483 2865 consortio
502 2831 528 2868 a.
557 2812 568 2880 ΙΙ
597 2817 631 2865 ob
650 2817 677 2865 in
695 2817 771 2866 litura
783 2832 804 2865 r.
874 2816 1008 2879 bpositio
1026 2817 1055 2880 b,

86 2897 108 2940 e,
122 2880 141 2930 l.
217 2885 232 2932 9
250 2883 376 2947 inscript.
396 2899 441 2934 om.
456 2898 480 2943 e,
499 2881 525 2932 d.
603 2885 634 2932 10
656 2883 686 2931 in
704 2880 938 2948 proportionibus]
958 2885 987 2933 in
1005 2899 1053 2933 om.

84 2965 111 3011 r,
131 2964 152 2999 s.
227 2952 257 2999 ll
276 2950 402 3001 XXXVI.
421 2948 439 3000 l.
463 2946 474 3015 11
497 2950 584 3014 igitur
602 2965 648 3001 om.
668 2965 698 3008 ο,
723 2965 831 3015 qnoque
850 2965 872 3001 s.
948 2952 979 3000 13
996 2948 1052 3016 his]

85 3017 169 3066 eisd.
241 3019 274 3067 14
292 3015 408 3082 eisdem]
428 3017 515 3068 isdem
528 3033 553 3070 a.
578 3013 590 3082 11
614 3017 848 3081 propositionibus
867 3017 892 3066 d.
916 3013 928 3083 11
952 3017 1054 3068 discre-

83 3088 153 3147 pant
172 3084 192 3132 f.
246 3087 279 3136 ib
297 3085 469 3136 differentias
483 3100 511 3145 e;
531 3083 696 3134 differentiis
714 3085 836 3136 inlitora
854 3100 874 3134 r.
927 3086 960 3133 20
971 3100 1054 3135 unum

85 3167 115 3213 a,
137 3167 162 3213 e,
182 3151 244 3215 d,f,
262 3153 282 3216 l,
301 3169 326 3213 r,
346 3170 367 3203 s.
391 3149 402 3219 11
426 3152 629 3214 duoa‚b‚c,
648 3150 667 3212 l,
686 3166 713 3213 r,
733 3167 755 3201 s.
786 3149 915 3217 {duplex
932 3151 953 3204 1.
976 3147 988 3217 11
1012 3156 1055 3202 est

83 3219 226 3284 proportio
245 3236 270 3273 a.
311 3223 342 3270 21
356 3219 425 3271 duos
445 3225 472 3270 et
485 3223 615 3284 quattuor
625 3219 645 3268 f.
668 3214 681 3296 11
706 3233 771 3284 ergo
799 3220 904 3269 enims.
946 3220 1055 3269 22cum

83 3285 231 3351 sequente]
252 3293 438 3353 consequente
452 3288 478 3351 d,
497 3303 519 3336 r.
597 3288 629 3336 23
647 3284 755 3335 hisdem
775 3303 800 3352 a,
820 3287 846 3349 d,
865 3302 891 3347 r;
911 3286 1016 3337 eisdem
1033 3287 1055 3337 f.

84 3354 117 3403 25
136 3353 180 3404 ·11·
201 3354 226 3408 d.
249 3352 261 3421 11
284 3356 462 3421 relinquitur,
482 3370 500 3404 n
517 3370 599 3419 supra
616 3355 626 3403 i
643 3355 751 3418 scripto,
771 3370 791 3403 r.
860 3357 893 3404 26
906 3353 958 3404 duo
978 3369 1009 3416 a,
1029 3368 1054 3415 c,

84 3421 110 3481 f,
134 3420 159 3485 l,
182 3438 209 3483 r,
228 3437 249 3473 s.
279 3419 292 3489 11
321 3429 452 3489 quattuor
471 3422 611 3474 adnexi.
697 3422 729 3471 nt
748 3418 815 3485 Hic]
835 3422 921 3485 Hie,
940 3421 960 3483 f,
980 3435 1007 3480 r,
1026 3434 1055 3480 s;

84 3487 138 3538 Hic
151 3496 269 3539 mutatum
286 3492 313 3540 in
330 3491 368 3541 Hi
389 3507 415 3555 n,
435 3491 461 3541 d.
