2392 3922
385 157 476 210 mss.
495 157 650 209 sarran.
668 157 709 220 11,
728 161 769 212 ee.
999 159 1061 225 125

94 327 246 407 aptissime
266 327 466 396 vocabuntur,
488 336 521 389 ut
536 327 582 387 bis
597 326 670 396 duo,
691 333 737 387 ter
758 335 833 396 tres,
855 336 958 405 qnater
980 340 1062 408 qnat-

94 419 164 473 tuor
184 418 213 473 et
233 415 335 473 ceteri.
380 413 467 472 Parte
493 410 586 471 altera
612 428 682 471 vero
705 408 871 489 longiores,
900 414 979 490 quod
1002 432 1062 476 non

96 495 199 558 eadem
220 495 402 574 longitudine
423 495 595 567 tendantur,
619 494 740 554 alterius
760 495 978 572 quodammodo
999 497 1062 559 lon·

96 581 237 658 gitndinis
251 590 281 641 et
296 588 380 659 parte
396 579 487 642 altera
504 577 653 655 longiores
668 586 819 639 vocantur.

96 769 179 837 ouon
192 774 286 826 omnia
302 784 342 824 ex
355 770 478 823 eiusdem
490 774 600 823 natura
613 774 640 824 et
653 769 775 825 alterins
785 775 892 823 natura
906 773 1065 825 consistant
1078 789 1090 827 s

322 853 408 923 idque
422 855 451 907 in
466 855 596 908 numeris
608 856 732 924 primum
748 853 846 909 videri.

181 999 298 1059 XXXII.
343 997 438 1059 Omne
465 1007 576 1068 autem,
604 999 743 1078 quiequid
762 1001 794 1060 in
816 1000 936 1076 propria
959 1007 1062 1059 natura

93 1083 317 1161 substantiaque
332 1090 376 1145 eet
391 1082 546 1152 inmobile,
568 1085 756 1144 terminatum
778 1084 989 1160 definitumque
1011 1091 1064 1152 est,

95 1168 206 1246 quippe
239 1167 317 1246 quod
344 1166 425 1229 nulla
454 1168 614 1228 variatione
643 1175 787 1238 mutetur,
823 1186 974 1248 nunquam
1001 1185 1066 1228 esse

96 1251 224 1321 desinat,
251 1269 403 1330 nunquam
425 1253 519 1333 possit
539 1269 620 1322 esse,
644 1252 723 1330 quod
747 1270 806 1313 non
822 1253 884 1313 tuit
934 1253 969 1313 At
992 1252 1066 1314 haec
1080 1268 1104 1306 10

96 1336 192 1398 unitas
214 1334 276 1396 sola
293 1344 397 1405 estet,
419 1353 495 1413 quae
516 1336 629 1397 unitate
649 1338 829 1407 formantur,
855 1337 1065 1415 conprehensi·

96 1419 163 1480 bilis
184 1428 214 1480 et
235 1420 450 1481 determinatae
471 1427 501 1479 et
522 1419 653 1481 eiusdem
673 1420 855 1482 substantiae
878 1439 942 1483 esse
962 1421 1065 1482 dieun-

96 1511 154 1564 tur.
198 1505 240 1565 Ea
263 1522 333 1564 vero
355 1512 437 1574 sunt,
460 1503 505 1564 vel
521 1520 597 1581 quae
612 1504 648 1565 ab
665 1505 836 1584 aequalibus
857 1514 1012 1575 crescunt,
1034 1514 1067 1565 nt

96 1589 248 1667 quadrati,
270 1587 315 1648 rel
330 1606 405 1668 qnos
420 1591 483 1667 ipsa
499 1590 597 1649 unitas
612 1588 736 1660 format,
757 1591 788 1650 id
804 1597 849 1650 est
862 1590 992 1668 inpares.
1030 1589 1067 1649 tlt

97 1691 168 1732 vero
183 1672 316 1733 binarius
332 1680 361 1733 et
376 1674 476 1733 cuncti
493 1679 576 1751 parte
592 1672 682 1734 altera
699 1672 864 1751 longiores,
887 1675 937 1752 qui
952 1693 968 1734 a
984 1674 1064 1733 linita
1080 1687 1104 1725 15

97 1756 260 1817 substantia
290 1757 504 1824 discesserunt,
532 1755 681 1817 variabilis
712 1759 901 1836 infinitaeque
930 1757 1066 1818 substan·

97 1841 155 1901 tiae
180 1843 381 1901 nominantur.
427 1841 548 1901 Constat
569 1857 641 1917 ergo
667 1857 809 1901 numerus
837 1841 933 1899 omnis
955 1859 990 1900 ex
1011 1840 1065 1906 bis,

97 1942 174 2003 quae
194 1924 282 2002 longe
305 1925 449 1984 disiuncta
471 1930 541 1983 sunt
561 1928 648 2001 atque
672 1925 833 1991 contraria,
856 1941 891 1982 ex
913 1921 1067 1999 inparibus

97 2009 211 2069 scilicet
226 2016 255 2068 et
269 2008 400 2088 paribus,
445 2008 500 2067 Hic
516 2006 594 2066 enim
611 2005 767 2077 stabilitas,
784 2006 843 2067 illio
857 2005 1003 2066 instabilis
1018 2022 1066 2063 va·

96 2094 199 2162 riatio,
222 2093 270 2153 hic
291 2090 438 2152 inmobilis
460 2090 641 2150 substantiae
656 2088 766 2160 robur,
790 2089 849 2149 illio
866 2086 984 2148 mobilis
998 2107 1066 2167 per·
1080 2103 1105 2141 20

97 2178 238 2246 mutatio;
254 2176 304 2236 hio
318 2175 437 2236 definita
454 2174 603 2245 soliditas,
619 2173 678 2234 illio
694 2175 807 2234 infinita
823 2174 977 2250 congeries
992 2171 1067 2233 mul·

96 2260 240 2322 titudinis.
288 2259 368 2328 Quae
397 2259 522 2329 seilicet,
552 2277 619 2319 oum
645 2261 704 2318 sint
731 2259 892 2328 contraria,
922 2259 953 2317 in
979 2274 1068 2318 unam

97 2353 198 2405 tamen
213 2344 431 2423 quodammodo
449 2344 606 2404 amicitiam
622 2345 889 2420 cognationemque
905 2345 1068 2402 missenum

97 2437 128 2490 et
147 2428 227 2489 illius
247 2430 367 2490 unitatis
388 2429 599 2488 informatione
619 2436 709 2506 atque
723 2430 889 2505 regimento
905 2445 996 2488 unum
1012 2445 1067 2487 nu·

97 2515 174 2574 meri
195 2531 305 2591 corpus
327 2513 467 2573 efficiunt.
513 2511 577 2571 Non
601 2530 672 2590 ergo
692 2511 834 2573 inutiliter
852 2529 950 2591 neque
962 2514 1066 2590 inpro·
1081 2522 1106 2561 ²⁵

96 2597 179 2667 vide,
210 2598 262 2676 qui
292 2596 328 2657 de
359 2597 415 2656 bon
441 2595 551 2657 mundo
579 2595 675 2674 deque
705 2598 760 2658 ban
786 2599 938 2658 communi
967 2613 1067 2656 rernm

167 2818 368 2868 lvoeentnrs.
389 2811 401 2880 ΙΙ
425 2815 467 2864 ·11-
549 2814 606 2866 ·III·
706 2815 815 2865 nul-e.
868 2810 1066 2875 2oeterne.ll

98 2882 239 2948 longiores
261 2898 327 2933 vero
346 2896 368 2936 e.
402 2879 414 2948 ΙΙ
449 2882 520 2946 quod
543 2882 581 2932 bis
603 2898 624 2932 s.
695 2880 879 2932 3tenduntur
896 2897 920 2930 e.
990 2880 1070 2929 bln-

97 2953 189 3015 scrtpt.
207 2966 254 3000 om.
273 2951 298 2999 d.
327 2946 340 3016 ΙΙ
373 2950 488 2999 ulterius
510 2953 629 3000 naturae
652 2949 683 3007 b,
708 2948 732 3009 13
763 2948 889 3009 alterius,
914 2950 1004 2998 omisso
1022 2960 1069 2995 ne-

97 3023 175 3080 ture,
193 3033 216 3081 o,
230 3033 252 3079 r,
266 3032 287 3066 s.
310 3012 323 3082 ll
351 3017 513 3067 constanti.
565 3016 688 3068 livideri
705 3014 852 3081 primuml.
905 3013 1070 3064 txxxm.

99 3087 131 3135 11
150 3099 223 3151 quae
241 3083 501 3149 comprehensibilis
520 3099 542 3134 e.
566 3082 578 3151 ll
601 3082 857 3149 conprehensibiles
876 3097 904 3131 e.
957 3084 988 3131 13
1006 3082 1071 3132 Post

97 3157 164 3202 sunt
186 3155 260 3204 addit
277 3167 303 3200 s:
334 3166 404 3216 quae
427 3151 532 3201 habent
556 3151 687 3215 aequalia
709 3149 809 3201 latero.
844 3146 856 3215 ΙΙ
891 3147 1070 3212 aequalitati·

96 3220 150 3270 bus
174 3237 200 3270 n.
223 3219 236 3286 ΙΙ
258 3217 304 3284 nt]
328 3219 455 3282 veruta,
480 3233 507 3279 o,
533 3220 557 3280 f,
582 3235 604 3281 r,
625 3234 646 3268 s.
730 3221 762 3269 16
786 3218 971 3267 discesserent
994 3231 1022 3278 o,
1047 3229 1069 3264 s.

99 3290 132 3337 17
151 3289 239 3337 omnis
257 3302 386 3337 numerus
405 3302 430 3336 e.
501 3287 533 3335 18
552 3287 652 3348 sinte,
671 3284 696 3347 d,
715 3301 737 3347 r,
756 3301 778 3334 e.
849 3286 881 3334 19
900 3280 973 3347 illie]
1002 3281 1071 3332 illue

97 3370 128 3418 o,
147 3355 193 3405 hio
211 3370 241 3415 e,
260 3356 290 3417 d,
311 3354 335 3417 f,
355 3369 376 3416 r,
396 3369 418 3404 e.
487 3355 520 3404 20
538 3350 593 3418 hio]
614 3353 678 3403 huie
695 3369 716 3405 r.
745 3350 757 3418 ΙΙ
785 3348 959 3401 inmutabilis
978 3365 1007 3406 a,
1030 3349 1072 3397 in-

99 3423 242 3473 motebilie
260 3441 280 3476 r.
309 3418 322 3487 ΙΙ
356 3421 496 3471 inmobilis
514 3425 556 3472 est
574 3435 595 3471 s.
666 3422 698 3470 21
717 3416 790 3485 illio]
810 3420 856 3470 hio
874 3434 899 3480 n,
918 3417 945 3482 d,
965 3417 985 3476 i,
1005 3431 1026 3476 r,
1046 3430 1069 3465 s.

98 3491 132 3538 22
150 3505 211 3542 eum
230 3493 286 3542 sint
304 3489 412 3540 seilicet
430 3488 450 3540 f.
