2392 3922
442 149 534 202 insu.
552 148 706 201 sarnum.
724 150 751 214 1,
771 149 812 201 ea.
1068 146 1111 213 53

141 339 222 391 mus,
249 320 419 399 planissime
447 320 636 398 breviterque
663 318 833 379 doceamus.
883 318 925 378 Sit
946 320 1024 379 enim
1044 318 1111 380 talis

141 406 318 483 descriptio,
334 407 365 465 in
380 424 438 485 qua
453 412 582 484 ponatur
597 404 627 462 in
642 402 777 463 ordinem
793 401 940 482 usquead
957 403 1109 464 denarium

140 507 300 551 numerum
314 491 448 552 continui
464 490 582 551 numeri
598 487 672 548 ordo
688 486 830 547 naturalis
842 495 870 546 et
882 487 1012 547 secundo
1023 505 1109 550 versu

142 574 248 654 duplus
270 575 343 635 ordo
365 583 497 645 texatur,
519 574 608 634 tertio
623 570 744 649 triplus,
766 578 870 651 quarto
887 571 1067 652 quadruplus
1082 581 1112 634 et

140 660 198 720 hoc
219 660 365 740 usquead
384 659 554 737 decuplum.
598 656 647 717 Sic
663 656 741 716 enim
758 672 984 733 cognoscemus,
1008 671 1137 736 quem-s

140 744 300 806 admodum
331 741 595 822 superparticulari
628 749 656 801 et
682 741 913 820 superpartienti
940 747 970 799 et
1000 743 1112 801 cunctis

140 828 204 889 aliis
234 831 376 908 princeps
408 830 463 889 erit
488 828 600 906 species
627 823 800 903 multiplicis
826 833 855 886 et
884 825 1030 904 quaedam
1059 824 1112 884 alia

141 913 231 975 simul
260 912 453 990 inspiciemus
483 919 511 972 et
539 911 575 971 ad
604 908 795 972 subtilitatem
820 911 993 971 tenuissima
1022 917 1051 970 et
1077 908 1112 970 ad

144 999 297 1058 scientiam
320 995 470 1058 utilissima
493 995 572 1056 etad
589 997 831 1057 exercitationem
846 993 1070 1056 iucundissima.

562 1125 693 1180 Longitudo.
1165 1127 1191 1166 10

91 1196 107 1237 l.
176 1194 204 1236 ΙΙ,
273 1194 309 1235 lll.
381 1195 425 1237 llll.
501 1194 528 1234 V.
609 1193 647 1234 Vl.
731 1193 776 1237 Vll.
855 1193 912 1237 Vlll.
962 1192 1028 1236 Vllll.
1074 1191 1102 1233 Χ.

91 1263 117 1306 ll.
176 1261 222 1303 IIII.
272 1260 309 1302 Vl.
379 1261 436 1303 vlll.
499 1260 527 1303 X.
609 1260 658 1303 Xll.
728 1261 796 1304 Xllll.
853 1260 913 1304 XVI.
959 1261 1039 1304 XVIII.
1073 1259 1124 1302 XX.

90 1331 127 1372 ΙΙΙ.
176 1330 212 1371 Vl.
270 1329 336 1371 Vllll.
378 1329 426 1372 Xll.
498 1329 550 1370 XV.
609 1328 687 1370 XVIII.
728 1328 787 1370 XXI.
853 1328 933 1372 XXIV.
957 1328 1048 1370 XXVII.
1072 1326 1145 1370 XXX.

90 1398 134 1440 llll.
178 1397 232 1440 Vlll.
271 1397 319 1438 Xll.
380 1396 440 1439 XVl.
501 1396 551 1440 XX.
609 1395 700 1437 XXllll.
729 1396 830 1438 XXVIII.
852 1395 944 1439 XXXII.
958 1395 1061 1438 XXXVI.
1071 1394 1117 1462 xt:
1169 1417 1183 1457 Ο-

92 1467 117 1505 V.
174 1465 203 1506 X.
269 1465 319 1505 XV.
379 1464 429 1506 XX.
498 1463 571 1505 XXV.
607 1463 681 1506 XXX.
727 1463 821 1505 XXXV.
852 1463 896 1507 XL.
956 1462 1024 1505 XLV.
1071 1464 1095 1505 L.
1163 1460 1183 1517 ξ

90 1533 127 1574 Vl.
176 1532 224 1575 XIl.
270 1531 350 1574 XVllI.
381 1531 471 1575 XXllll.
501 1531 574 1574 XXX.
610 1529 715 1574 XXXVI.
729 1530 792 1571 XLII.
852 1529 948 1575 XLVIII.
957 1531 1024 1573 Lllll.
1073 1532 1119 1573 LX.
1163 1521 1183 1596 ξ

91 1599 138 1640 Vll.
174 1599 241 1642 XIIII.
270 1599 329 1640 xxi.
376 1599 480 1642 XXVlll.
496 1599 592 1640 XXXV.
607 1598 671 1639 XLII.
727 1598 836 1640 XLVllll.
851 1598 907 1641 LVI.
958 1599 1034 1642 LXlll.
1073 1597 1139 1641 LXX.
1162 1599 1184 1640 :i

92 1667 148 1708 Vlll.
175 1667 234 1710 XVI.
270 1667 362 1711 XXllll.
380 1667 472 1710 XXXII.
499 1667 545 1712 XL.
608 1665 706 1708 xtvnt.
727 1665 780 1707 LVI.
853 1665 937 1708 LXllll.
958 1666 1047 1709 LXXII.
1072 1664 1162 1708 LXXX.

91 1735 159 1777 Vllll.
174 1734 255 1776 XVlll.
270 1734 363 1776 XXVII.
378 1734 484 1778 XXXVI.
499 1734 566 1778 XLV.
609 1734 671 1778 LllIl.
727 1734 800 1777 LXIII.
851 1733 940 1776 LXXII.
958 1734 1057 1777 LXXXI.
1072 1732 1117 1776 XC.

90 1803 119 1842 X.
176 1801 226 1843 XX.
271 1800 343 1845 XXX.
379 1802 423 1842 XL.
499 1801 524 1842 L.
608 1801 654 1844 LX.
727 1799 794 1842 LXX.
852 1798 943 1842 LXXX.
958 1800 1003 1842 XC.
1074 1802 1097 1841 C.

562 1868 692 1920 Longiludo.
1162 1867 1187 1905 21

296 2027 384 2083 Ratio
400 2032 487 2098 etque
503 2029 646 2098 expositio
663 2027 790 2100 olpertus
803 2023 960 2097 formulae.

205 2174 318 2236 XXVII.
365 2173 396 2234 Si
416 2175 507 2252 igitur
523 2174 581 2234 duo
596 2174 693 2250 prima
708 2173 799 2234 latera
816 2173 986 2251 propositae
1002 2164 1114 2233 formu·

141 2261 201 2330 lae,
222 2277 297 2338 quae
314 2258 425 2320 iaciunt
440 2257 579 2336 angulum
596 2257 633 2319 ab
649 2275 708 2319 uno
724 2258 760 2318 ad
778 2258 822 2320 ·X·
841 2267 871 2319 et
886 2257 930 2319 ·X·
946 2257 1112 2337 proceden-

142 2347 196 2412 tia,
226 2345 420 2423 respiciantur
442 2351 472 2404 et
490 2343 536 2404 nis
556 2341 740 2404 subteriores
756 2343 877 2404 ordines
892 2350 1110 2422 comparentur,
1126 2356 1151 2396 25

141 2431 194 2509 qui
209 2428 350 2490 sciliceta
374 2428 448 2490 ·llll·
471 2427 610 2507 angulum
627 2429 803 2508 incipientes
824 2429 854 2488 in
875 2430 994 2489 vicenos
1008 2429 1111 2490 termi-

142 2532 213 2575 num
230 2520 359 2593 ponunt,
381 2513 504 2592 duplex,
527 2513 555 2573 id
578 2521 622 2574 est
642 2515 738 2590 prima
759 2515 874 2592 species
889 2511 1113 2593 multipIIcitatis

143 2599 308 2661 ostenditur
318 2599 373 2669 ita,
397 2606 427 2659 ut
443 2599 556 2676 primus
572 2599 701 2677 primum
717 2597 779 2658 sola
795 2607 916 2677 superet
932 2600 1059 2668 unitate,
1080 2605 1112 2659 ut

212 2819 227 2869 8
249 2815 442 2868 tenuissimam
533 2816 724 2877 utilissimam,
754 2819 845 2868 ultimis
872 2819 964 2869 litteris
991 2834 1017 2867 m
1040 2819 1111 2867 indu-

140 2889 189 2937 ctis
208 2901 234 2939 a.
304 2887 320 2936 9
338 2885 537 2936 iocundissima
556 2900 587 2947 e,
606 2885 639 2950 b,
658 2884 681 2948 l,
700 2900 724 2943 r,
743 2899 766 2935 s.
838 2888 945 2936 10-21
965 2886 1000 2935 In
1016 2887 1112 2936 codici-

139 2955 186 3006 bus
204 2955 339 3018 adscripta
356 2955 468 3004 suntad
485 2954 531 3003 ·1·:
558 2951 651 3003 Prima
669 2954 763 3003 unItss
782 2956 945 3018 tetragone3
964 2955 1000 3004 ad
1016 2960 1112 3002 unum-

140 3038 189 3090 que
202 3021 242 3071 -Χ-
278 3020 406 3072 Secunda
422 3021 528 3083 unitas;
548 3023 584 3072 ed
595 3036 619 3071 c.
655 3020 752 3071 Tertia
768 3021 863 3070 unitas
882 3025 1043 3084 tetragona3
1067 3038 1112 3070 nu·

138 3092 203 3141 meri
224 3091 346 3156 quadrati
369 3091 513 3154 dlaponult'e
533 3090 617 3139 liueae
640 3091 724 3140 instar
744 3090 824 3154 positi
840 3090 919 3139 aeriis
934 3089 1026 3155 etquis,
1049 3095 1076 3136 ut
1097 3085 1111 3138 Κ

138 3160 179 3210 vel
194 3162 243 3221 Χ,
262 3159 330 3208 inter
346 3172 374 3207 se
392 3158 470 3207 iuneti
490 3163 562 3214 sunt,·
585 3172 650 3222 quae
672 3173 688 3206 a
706 3155 800 3207 Boetia
819 3157 942 3230 profecta
965 3171 1020 3207 esse
1043 3156 1112 3221 equi·

139 3228 196 3277 dem
213 3227 365 3291 nepeoerim.
463 3226 496 3276 22
517 3224 623 3275 Titutrcm
639 3239 687 3275 om.
708 3239 739 3288 e,
758 3224 790 3282 b,
811 3239 840 3286 c,
860 3223 882 3282 l;
900 3226 924 3274 is
940 3225 968 3274 in
985 3222 1002 3272 d
1011 3225 1112 3287 fipurue

138 3310 220 3361 cupra
235 3295 387 3360 descriptae
408 3292 565 3359 subscriptus
582 3300 629 3359 eet.
710 3293 744 3342 23
765 3289 919 3353 ·xxv1·d‚
940 3289 1074 3341 XXVIII·
1101 3287 1121 3338 l·

139 3414 174 3466 24
186 3412 282 3464 decem
294 3416 323 3463 et
335 3411 430 3464 deoem
443 3412 463 3466 f.
499 3412 532 3462 25
545 3408 733 3475 respicIuntur
746 3423 769 3462 c.
810 3366 960 3458 26·1111?rf.
1007 3404 1112 3456 Leuni·

138 3486 199 3533 tate
219 3484 330 3546 superet
348 3481 382 3537 sd
