2392 3922
402 145 494 197 INST.
514 146 666 199 ARITHM.
685 144 713 209 Ι,
732 147 772 198 29.
1035 142 1076 210 61

106 335 234 396 quorum
252 315 382 376 delinitio
394 314 459 375 talis
472 314 558 377 reddi
570 321 676 395 potest.
692 312 845 391 Multiplex
856 317 1076 393 superparticu-

69 446 72 451 -
107 400 178 462 laris
193 408 247 470 est,
265 402 399 479 quotiens
412 417 556 461 numerus
571 399 607 460 ad
621 415 778 458 numerum
790 407 978 477 comparatus
989 400 1078 462 babet

108 504 178 546 eum
194 484 261 562 plus
277 502 364 564 quam
380 484 472 545 semel
488 493 517 544 et
532 485 596 544 eius
611 500 699 542 uuam
716 489 841 558 partem,
857 481 914 544 boc
930 492 975 544 est
989 483 1079 545 babet

108 589 180 631 eum
191 577 242 630 aut
253 568 375 649 duplum
392 576 443 629 aut
457 566 580 647 triplum
593 574 643 627 aut
658 564 855 645 quadruplum
868 574 917 628 aut
928 571 1077 647 quotiens·

108 653 181 715 libet
205 661 235 715 et
259 655 322 714 eius
348 652 511 732 quamlibet
537 650 664 729 aliquam
680 656 794 728 partem
821 648 865 710 vel
887 652 1012 713 mediam
1033 653 1079 714 vel
1104 666 1117 708 s

108 741 226 799 tertiam
243 737 290 798 vel
305 749 442 817 quartam
458 735 521 806 vel,
544 752 738 814 quaecunque
754 731 809 794 alia
824 736 954 814 partium
971 738 1078 798 exube-

108 825 225 884 ratione
247 823 416 898 contigerit.
449 821 505 880 llio
526 838 597 898 ergo
620 838 655 880 ex
670 817 825 897 multiplici
847 827 878 880 et
896 823 1080 900 superparti-

108 907 205 968 culari
228 906 372 967 consistit.
404 905 488 976 Quod
510 906 588 966 enim
610 912 813 982 comparatum
835 921 994 965 numerum
1016 904 1081 984 plus

109 1009 202 1069 quam
218 988 311 1050 semel
326 989 426 1058 babet,
443 988 613 1068 multiplicis
629 996 687 1059 est,
710 988 767 1048 hoo
783 1006 867 1059 vero,
890 989 969 1068 quod
985 991 1080 1050 mino·

113 1092 179 1134 rern
194 1075 224 1133 in
240 1072 374 1134 habenda
388 1081 472 1152 parte
487 1073 683 1143 transcendit,
702 1072 991 1151 superparticularis.
1022 1074 1079 1136 lta·
1094 1088 1119 1127 1⁰

111 1177 172 1236 que
188 1177 223 1218 ex
240 1165 366 1237 utroque
381 1161 501 1219 nomine
521 1159 590 1219 ficto
607 1156 749 1219 vocabulo
766 1166 811 1217 est
826 1159 1000 1236 speciesque
1016 1160 1080 1220 eius

109 1243 147 1302 ad
163 1241 279 1302 illarum
295 1242 405 1303 scilicet
420 1244 496 1303 flunt
514 1243 674 1320 imaginem
698 1243 940 1321 proportionum,
963 1261 998 1304 ex
1015 1245 1079 1323 qui·

109 1327 167 1386 bus
181 1329 244 1405 ipse
260 1344 402 1388 numerus
419 1328 563 1406 originem
579 1326 679 1388 trahit.
707 1325 780 1386 Nam
796 1329 890 1405 prima
907 1346 977 1407 pars
992 1327 1079 1389 huius

109 1410 260 1482 vocabuli,
282 1431 356 1491 quae
379 1411 550 1491 multiplicis
566 1413 687 1472 nornine
707 1429 842 1489 possessa
859 1421 917 1482 est,
939 1413 1077 1492 multipli-

108 1497 150 1556 cis
166 1498 284 1556 numeri
298 1499 466 1575 specierum
482 1495 625 1557 vocabulo
642 1496 820 1557 nominanda
837 1506 894 1567 est,
917 1516 992 1577 quae
1009 1509 1117 1559 ver01⁶

109 1581 387 1659 superparticularis
403 1590 461 1652 est,
484 1581 589 1642 eodem
607 1579 749 1641 vocabulo
765 1579 1002 1660 nuncupabitur,
1019 1602 1077 1662 quo

109 1664 386 1743 superparticularis
413 1667 531 1727 numeri
564 1666 678 1743 speeies
709 1664 898 1727 vocabantur.
958 1667 1078 1729 Dicetur

111 1751 204 1820 enirn,
228 1751 279 1829 qui
294 1749 442 1829 duplicem
459 1750 599 1810 habuerit
613 1749 701 1810 alium
721 1768 878 1810 numerum
895 1752 1001 1812 eteius
1017 1770 1078 1813 me·

110 1834 191 1894 diam
210 1841 341 1911 partem,
364 1833 474 1912 duplex
496 1833 674 1912 sesqualter,
702 1835 753 1910 qui
780 1851 850 1893 vero
866 1835 997 1906 tertiam,
1026 1837 1079 1896 du·

110 1917 180 1996 plex
214 1918 433 1992 sesquitertius
461 1921 512 1996 qui
536 1926 687 1996 quartam,
719 1915 827 1993 duplex
858 1920 1119 1996 sesquiquartus2⁰

113 2009 143 2062 et
168 2001 320 2079 deinceps.
357 2001 387 2060 Si
410 2018 480 2060 vero
505 2008 552 2060 ter
579 2019 645 2060 eum
668 2008 761 2060 toturn
788 2002 938 2061 contineat
964 2009 993 2061 et
1019 2003 1081 2063 eius

111 2085 240 2146 mediam
270 2091 384 2162 partem
415 2084 460 2145 vel
489 2085 606 2146 tertiam
635 2083 679 2144 vel
706 2091 855 2160 quartam,
887 2084 1001 2145 dicetur
1030 2087 1082 2146 tri·

111 2169 178 2249 plex
209 2167 389 2248 sesqualter,
414 2167 518 2246 triplex
531 2169 749 2248 sesquitertius,
765 2166 873 2248 triplex
891 2170 1080 2250 sesquiquar-

111 2263 159 2316 tus
189 2263 218 2315 et
244 2253 347 2314 eodem
375 2253 464 2314 modo
491 2255 520 2314 in
546 2255 668 2323 ceteris;
700 2253 873 2332 diceturque
899 2254 1081 2335 quadruplus

111 2337 290 2416 sesqualter,
314 2338 498 2418 quadruplus
520 2339 739 2418 sesquitertius,
763 2338 946 2417 quadruplus
967 2342 1079 2420 sesqui·
1094 2349 1119 2389 2⁵

112 2431 248 2502 quartus;
272 2432 302 2483 et
322 2426 457 2503 quotiens
480 2432 574 2485 totum
596 2442 753 2485 numerum
769 2426 798 2482 in
821 2431 915 2484 semet
929 2426 995 2502 ipso
1010 2444 1080 2485 con-

111 2509 232 2569 tinuerit
248 2526 302 2585 per
317 2508 486 2587 multiplicis
501 2509 618 2569 numeri
634 2509 747 2586 species
763 2507 974 2587 appellabitur,
992 2529 1079 2589 quam

111 2611 181 2654 vero
196 2601 310 2671 partem
324 2595 485 2670 comparati
500 2594 616 2653 numeri
632 2593 778 2663 clauserit,
796 2595 959 2656 secundum
975 2612 1079 2674 super·

112 2678 322 2756 particularem
339 2679 590 2757 comparationem
606 2676 868 2757 habitudinemque
883 2678 1046 2740 vocabitur.

176 2762 288 2823 Horum
306 2769 403 2822 autern
426 2761 561 2840 exempla
581 2761 749 2823 huiusmodi
771 2771 848 2824 sunt.
881 2763 995 2844 Duplex
1017 2783 1078 2826 ses·
1093 2773 1118 2812 ³⁰

110 2933 224 2995 morpine
242 2930 317 2982 babet
340 2935 369 2980 st
387 2946 480 2981 eornm
499 2947 605 2997 quoque
624 2932 734 2996 species
756 2948 787 2994 a,
812 2936 840 2981 et
859 2947 951 2984 eorum
970 2947 1080 2998 quoque

111 3015 206 3050 omnes
225 2999 332 3064 species
350 2999 373 3048 l:
397 3015 478 3064 snpra
499 3015 597 3050 versane
623 3000 715 3051 lrabeat
734 3003 761 3049 et
780 3014 999 3067 eorumquoque
1018 3017 1080 3067 spe·

112 3067 249 3127 ciesb,d.
286 3067 561 3132 leontingerita,c.
598 3069 949 3123 9minorcmnumerumf.
987 3073 1019 3120 1o
1031 3070 1080 3119 ba·

111 3134 234 3186 bendoi.
272 3137 302 3184 11
316 3133 408 3184 fictum
420 3135 587 3186 vocabulum
600 3136 619 3194 f,
632 3151 652 3186 s.
699 3137 730 3184 12
748 3134 825 3184 illius
848 3150 873 3186 a.
922 3138 1081 3202 inspectes

111 3203 220 3253 numeri
236 3202 256 3252 f.
344 3203 497 3252 addicitur
523 3219 551 3266 o,
571 3219 598 3267 r,
619 3219 647 3267 s;
670 3202 773 3251 dicitnr
790 3219 859 3255 corr.
882 3207 909 3254 in
927 3205 1036 3255 dicetur
1055 3221 1079 3254 a.

111 3274 145 3320 24
163 3276 191 3320 et
209 3287 257 3324 om.
276 3269 296 3320 f.
342 3272 450 3320 24-26
469 3275 498 3320 et
514 3271 611 3323 eodem
631 3306 679 3321 ...
698 3271 906 3334 sesquiquartus
924 3275 950 3323 in
966 3275 1080 3336 morpine

110 3341 249 3402 superiore
266 3354 288 3388 r.
327 3339 361 3389 26
379 3339 486 3402 quoties
506 3355 532 3399 a,
551 3339 570 3394 l,
613 3341 646 3390 27
665 3337 823 3403 appelletur
842 3339 872 3400 b,
892 3354 918 3402 c,
935 3341 962 3402 d,
980 3341 1000 3403 f,
1020 3340 1038 3401 l,
1058 3356 1080 3401 r,

112 3403 142 3468 d;
157 3406 315 3472 appellatur
326 3421 395 3458 corr.
407 3409 433 3457 in
444 3406 632 3472 appellabitur
642 3422 667 3456 a.
698 3407 731 3456 28
742 3405 887 3470 conparati
899 3409 1005 3456 numeri
1018 3421 1081 3469 por-

111 3479 167 3523 tem
181 3474 201 3525 f.
214 3471 226 3540 [l
239 3474 373 3524 clauserit
390 3476 496 3525 numeri
508 3474 525 3524 l.
537 3471 549 3542 ll
562 3474 716 3540 conparati,
730 3489 745 3523 o
758 3488 810 3523 aec.
823 3489 896 3522 runnu
908 3475 1040 3535 adamipto
1052 3471 1078 3521 b.
