2392 3922
182 167 243 232 118
472 169 565 224 msa.
582 169 736 226 amanet.
754 172 797 234 11,
816 173 857 225 aa.

180 341 315 418 periores
336 338 425 399 edicit
447 346 531 416 parte
558 339 650 401 altera
676 339 836 418 longiores
889 341 987 410 Quare
1009 345 1148 421 quoniam

180 429 403 501 tetragonorum
420 423 493 483 baec
514 430 617 484 natura
639 431 697 494 est,
719 432 751 484 ut
765 425 803 484 ab
818 425 972 502 inparibus
986 444 1148 504 procreen-

179 515 244 576 tur,
267 509 318 586 qui
340 514 409 567 sunt
428 509 549 567 unitatis
570 509 743 587 participes,
766 510 796 569 id
812 517 857 569 est
872 510 1004 571 eiusdem
1021 512 1148 572 inmuta·

179 590 304 671 bilisque
333 590 528 661 substantiae,
559 594 733 672 cunctisque
762 593 895 671 partibus
925 596 985 655 suis
1012 596 1149 674 aequales

153 692 166 732 5
180 677 251 745 sint,
275 676 353 756 quod
375 682 404 736 et
418 676 518 752 anguli
534 676 648 756 angulis
663 687 693 737 et
708 676 800 738 latera
816 677 958 739 lateribus
977 689 1006 738 et
1019 679 1149 757 longitu-

179 761 241 820 dini
262 778 385 837 compar
405 766 450 821 est
470 759 607 831 latitudo,
636 762 793 822 dicendum
815 771 875 830 est,
903 762 1071 823 huiusmodi
1093 782 1148 823 nu·

179 862 278 904 meros
315 844 447 905 eiusdem
483 854 607 906 naturae
642 857 729 922 atque
758 845 937 906 inmutabilis
966 846 1149 908 substantiae

178 931 356 1007 participes,
380 927 445 989 ilios
465 947 534 989 vero
557 947 714 1000 numeros,
735 948 809 1009 quos
826 937 910 1008 parte
925 930 1017 992 altera
1033 931 1148 1009 longio-

178 1033 227 1074 res
242 1016 352 1091 paritas
368 1020 463 1081 creat,
480 1012 602 1074 alterius
617 1014 749 1075 dicemus
765 1032 829 1076 esse
845 1013 1037 1076 substantiae.
1074 1017 1148 1077 Nam

140 1112 165 1153 ιο
179 1097 427 1175 quemadmodum
448 1114 524 1157 unus
546 1118 562 1159 a
584 1097 699 1158 duobus
720 1116 780 1158 uno
801 1105 914 1159 tantum
932 1099 1007 1160 alter
1022 1109 1079 1169 est,
1107 1101 1149 1161 sic

178 1181 285 1242 horum
307 1180 399 1241 latera
421 1199 438 1241 a
460 1199 492 1240 sc
512 1187 626 1242 tantum
650 1200 708 1242 uno
724 1190 792 1243 sunt
808 1182 900 1243 altera
916 1191 944 1242 et
960 1201 1016 1242 una
1035 1193 1148 1243 tantum

179 1266 318 1325 differunt
339 1268 460 1325 unitate.
505 1265 604 1337 Quare
625 1267 820 1343 disponantur
840 1269 869 1326 in
892 1267 1027 1327 ordinem
1043 1286 1148 1328 omnes

178 1349 215 1408 ab
231 1367 291 1409 uno
305 1351 425 1427 inpares
440 1359 470 1410 et
484 1349 540 1409 sub
555 1350 603 1411 his
619 1367 722 1411 omnes
737 1370 753 1411 a
769 1351 883 1412 binario
900 1367 1025 1411 numero
1038 1369 1135 1431 pares.

282 1450 303 1509 1.
370 1450 419 1510 Ill.
485 1452 517 1510 V.
584 1451 644 1512 vll.
711 1452 797 1512 Vllll.
863 1453 911 1514 ΧΙ.
977 1453 1054 1514 ΧΙΗ.

137 1547 163 1588 15
281 1534 317 1594 ΙΙ.
370 1534 433 1594 ΙΙΙΙ.
484 1535 531 1595 VI.
584 1535 656 1596 Vlll.
711 1536 746 1596 X.
863 1537 925 1599 ΧΙΙ.
977 1537 1068 1598 ΧΙΙΠ.

239 1635 292 1696 Est
319 1651 390 1712 ergo
415 1637 554 1714 princeps
575 1638 686 1717 inparis
712 1638 823 1697 ordinis
850 1639 962 1707 unitas,
986 1656 1061 1718 quae
1083 1639 1147 1715 ipsa

176 1719 295 1797 quidem
316 1721 448 1780 effectrix
470 1727 499 1781 et
519 1721 736 1800 quodammodo
759 1720 853 1781 forma
870 1722 1015 1801 quaedam
1037 1729 1082 1782 est
1103 1725 1147 1782 in-

176 1806 326 1882 paritatis,
350 1823 425 1885 quae
445 1807 476 1864 in
497 1812 611 1866 tantum
628 1806 759 1866 eiusdem
775 1824 831 1867 nec
847 1806 994 1867 mutabitis
1010 1805 1145 1866 substan-

143 1960 144 1964 *
176 1890 233 1948 tiae
263 1898 321 1959 est,
358 1897 404 1961 ut,
442 1907 510 1951 cum
540 1888 587 1950 vel
615 1907 648 1951 se
676 1892 740 1970 ipsa
772 1889 1011 1968 multiplicaverit
1038 1889 1085 1951 vel
1115 1892 1146 1950 in

136 1985 162 2028 ao
175 1972 359 2050 planitudine
385 1973 431 2034 vei
452 1975 482 2034 in
503 1975 720 2072 profunditate,
748 1972 793 2034 vel
820 1975 844 2034 si
870 1975 959 2035 alium
986 1974 1148 2053 quemlibet

176 2075 333 2119 numerum
361 2076 415 2136 per
441 2077 474 2120 se
502 2059 563 2141 ipsa
587 2057 776 2138 multiplicet,
807 2077 823 2119 a
845 2076 955 2136 prrorrs
976 2060 1146 2139 quantitatis

175 2142 269 2202 forma
286 2160 345 2203 non
359 2145 516 2222 discrepet.
546 2144 716 2242 Namque
692 2161 717 2203 sr
729 2160 820 2203 unum
833 2141 925 2204 semel
942 2143 1044 2213 iacias,
1061 2142 1106 2202 vel
1123 2144 1147 2201 si

175 2216 284 2286 semel
293 2245 384 2287 unum
400 2227 507 2294 semel
532 2227 616 2288 vei
592 2245 618 2288 ει
640 2227 699 2287 duo
720 2225 827 2298 semel,
850 2225 896 2288 vel
918 2229 941 2287 si
963 2236 1023 2287 tres
1043 2225 1146 2297 semel,

174 2310 220 2370 vel
251 2313 275 2369 si
305 2319 443 2387 quattuor
469 2310 575 2379 semel,
609 2310 655 2371 vel
685 2311 847 2389 quemlibet
873 2310 962 2372 alium
989 2329 1146 2371 numerum

144 2504 151 2511 “
244 2496 308 2542 2ut
327 2497 354 2542 et
372 2493 397 2552 d,
417 2492 435 2541 l.
494 2496 631 2559 demumr,
652 2497 685 2550 F.
750 2496 954 2545 7inmotabilis
973 2511 993 2546 r.
1053 2497 1084 2543 11
1104 2499 1146 2544 ta·

175 2574 237 2608 men
256 2575 324 2613 corr.
343 2562 370 2610 in
387 2564 495 2610 tantum
513 2577 539 2610 e.
569 2558 582 2628 ΙΙ
617 2562 707 2613 altera
724 2569 843 2613 mutatum
864 2565 891 2612 in
908 2563 998 2612 latere
1017 2578 1042 2612 a.
1071 2558 1085 2628 ΙΙ
1119 2566 1147 2612 et

175 2641 232 2675 una
250 2630 359 2676 tentum
377 2643 446 2678 corr.
465 2643 500 2678 eac
518 2633 612 2678 tamen
631 2645 656 2680 a.
723 2632 754 2679 ta
773 2629 900 2681 deferent
918 2646 944 2692 r;
963 2628 1075 2679 differet
1093 2645 1117 2678 c.
1133 2626 1145 2694 ΙΙ

177 2695 269 2756 Quare
287 2710 356 2745 corr.
375 2711 411 2745 ere
430 2710 544 2759 quorum
563 2712 588 2746 a.
642 2699 674 2750 13
694 2713 711 2747 a
727 2694 853 2763 binario}
866 2698 900 2747 ab
919 2712 972 2748 uno
993 2712 1019 2760 ιι,
1039 2712 1066 2758 03
1087 2697 1145 2745 ebi-

175 2763 238 2812 nari
255 2761 285 2818 d;
310 2763 344 2812 ab
363 2778 417 2812 uno
435 2770 461 2815 et
477 2779 558 2828 supra
574 2779 673 2814 uersum
695 2763 725 2816 al
746 2764 935 2815 ubinariob.
1006 2765 1147 2828 teipsam

175 2845 203 2891 c,
222 2846 251 2892 r,
270 2845 293 2879 s.
362 2831 443 2882 acin
461 2837 520 2880 ante
544 2831 733 2896 profunditate
757 2847 842 2884 om..r
914 2832 973 2882 21¹
965 2846 1103 2896 1psamo,
1124 2846 1145 2880 s.

175 2898 209 2946 22
227 2867 318 2947 diacre
340 2899 412 2960 atb,
432 2914 456 2960 c,
476 2898 501 2961 d,
521 2899 541 2961 Ι,
561 2899 578 2959 Ι,
598 2915 619 2961 r,
639 2915 660 2950 s.
692 2896 706 2966 ΙΙ
737 2901 863 2963 Namque
882 2915 929 2952 om.
948 2916 974 2960 r;
993 2914 1147 2963 stupraver-

174 2979 229 3016 sum
246 2979 271 3015 a.
310 2913 412 3030 ΙΙ)
356 2966 381 3017 si
404 2981 513 3016 unum
528 2967 625 3017 ..duo
644 2965 744 3032 semel]
770 2967 796 3016 si
812 2967 898 3017 semel
914 2982 999 3016 unum
1017 2965 1104 3016 semel
1122 2973 1147 3015 et

174 3046 255 3096 cupra
272 3048 369 3083 cerrum
387 3034 479 3084 facias
493 3001 539 3084 vei
557 3035 581 3083 si
599 3034 651 3085 duo
670 3034 756 3084 semel
775 3049 804 3091 a,
822 3034 868 3084 vel
887 3035 912 3083 si
928 3034 981 3084 duo
1000 3033 1087 3084 semel
1105 3048 1148 3083 su·

173 3115 226 3163 pra
243 3102 384 3163 uersumb3
404 3102 428 3151 si
446 3101 533 3151 semel
551 3116 635 3152 unum
653 3101 787 3163 semelc;
807 3102 831 3151 si
848 3117 931 3151 unum
950 3101 1036 3153 semel
1055 3100 1147 3150 facias

175 3167 222 3216 rel
239 3169 264 3217 ei
281 3167 334 3218 duo
353 3169 439 3219 semel
457 3169 487 3232 d,
506 3169 531 3231 Ι;
555 3169 580 3218 si
597 3185 680 3219 unum
698 3139 787 3220 semei
803 3169 909 3232 facias,
934 3171 959 3220 si
982 3168 1035 3218 duo
1059 3167 1147 3217 semel

175 3234 213 3295 F,
237 3235 263 3285 si
283 3250 368 3285 unum
390 3235 476 3286 semel
500 3237 591 3286 facias
613 3237 659 3287 vel
677 3238 701 3287 si
719 3236 806 3287 semel
823 3251 908 3286 unum
927 3234 1082 3299 (inlitora)
1100 3234 1148 3285 vel

176 3301 200 3362 qi
218 3301 271 3351 duo
290 3302 416 3365 semeth
442 3303 466 3353 si
484 3304 570 3354 semel
588 3319 672 3354 unum
694 3303 781 3354 semel
797 3305 844 3355 vel
862 3305 887 3354 si
904 3302 991 3354 semel
1010 3303 1054 3353 11
1073 3318 1098 3363 r,
1123 3301 1148 3352 si

176 3370 263 3419 semel
281 3370 427 3421 unumvel
445 3371 531 3421 semel
544 3372 621 3426 ··.11s
684 3372 875 3435 23m111r,.s
939 3374 972 3422 24
985 3371 1081 3421 ·-⁰1111
1094 3365 1146 3450 sl!

176 3441 307 3498 quattuor
328 3438 414 3488 semel
436 3442 500 3489 sunt
518 3440 591 3489 ··1111
610 3455 631 3489 r.
636 3435 673 3512 ΙΙ
706 3438 753 3489 vel
771 3439 795 3490 si
813 3439 1010 3504 quemlibatc,
1028 3436 1053 3501 1,
1073 3453 1098 3499 s3
1123 3439 1148 3487 si

176 3519 212 3553 ex
229 3520 297 3556 corr.
317 3507 377 3558 add.
397 3506 424 3556 b.
454 3502 466 3571 ΙΙ
496 3506 580 3556 alium
599 3497 791 3571 quemlihetc.
