2392 3922
382 153 475 206 INST.
494 152 647 204 ARITHM.
666 155 706 214 11,
726 156 767 204 28.
1002 153 1063 219 119

93 322 277 402 multiplicet,
295 342 310 386 a
327 324 488 404 quantitate
499 341 551 384 sua
568 325 601 390 is,
619 341 707 399 quem
720 321 902 401 multiplicat,
920 343 1063 386 numerus

92 425 153 468 non
174 408 301 477 recedit,
326 409 404 488 quod
431 409 508 468 circa
529 405 620 467 alium
640 423 797 467 numerum
820 424 879 466 non
901 416 998 484 potest
1017 411 1062 469 in·

94 494 197 553 veniri.
242 492 324 552 Paris
350 510 420 553 vero
447 491 559 551 ordinis
590 490 722 550 binarius
752 507 894 550 numerus
924 494 1063 570 princeps

90 585 152 645 est,
169 595 244 656 quae
260 577 398 646 dualitas,
417 593 484 635 cum
501 577 532 633 in
549 574 654 635 eodem
670 573 774 634 ordine
788 576 921 652 paritatis
937 577 984 645 sit,
1001 584 1062 636 tum

71 710 75 715 .
93 662 272 739 principium
293 662 383 721 totius
405 668 449 719 est
465 658 625 718 alteritatis.
671 657 805 736 Namque
822 659 846 718 si
861 676 893 719 se
909 661 971 737 ipsa
988 660 1089 721 mul-5

95 743 206 823 tipiioet
232 745 276 804 vel
298 763 352 824 per
373 744 556 804 latitudinem
578 740 623 802 vel
647 743 735 802 etiam
756 759 811 821 per
831 743 1062 820 profunditatem

92 827 138 888 vei
166 830 191 889 si
216 846 304 906 quem
331 845 489 887 numerum
515 829 544 887 in
571 845 654 888 suam
682 826 839 904 conglobet
860 830 1062 906 quantitatem,

93 914 237 973 continuo
266 910 339 972 aiter
366 913 508 972 exoritur.
553 912 627 972 Nem
647 911 693 971 bis
714 929 804 972 unum
826 910 871 972 vel
893 912 940 973 bis
961 913 1019 973 duo
1040 915 1063 972 si

90 997 199 1065 iaciaS,
228 994 338 1055 veihis
359 1004 420 1056 tres
445 995 555 1056 veihis
577 1003 714 1075 quattuor
736 995 781 1056 vel
801 996 847 1056 bis
868 998 998 1075 quinque
1019 996 1064 1057 vel

89 1079 257 1158 'quemlibet
272 1078 361 1140 alium
377 1079 564 1156 multiplicet,
591 1082 723 1159 quisquis
737 1079 806 1140 hinc
822 1082 968 1150 nascitur,
991 1080 1063 1141 alius
1078 1097 1102 1135 10

89 1182 183 1242 quam
204 1165 301 1242 primo
322 1165 431 1234 fuerat,
454 1165 608 1225 invenitur.
655 1164 823 1225 Nascuntur
843 1171 941 1226 autem
964 1184 999 1225 ex
1015 1183 1063 1225 su·

92 1251 212 1327 periore
234 1248 433 1326 descriptione
456 1256 485 1308 et
506 1267 542 1310 ex
564 1251 660 1327 primo
677 1248 781 1310 ordine
797 1268 901 1312 omnes
916 1252 1063 1329 tetragoni

92 1332 151 1392 hoc
172 1333 269 1392 modo.
314 1333 411 1394 Unum
434 1333 510 1393 enim
531 1335 555 1392 si
576 1335 758 1410 respexeris,
781 1336 896 1412 primus
916 1342 1062 1412 potestate

90 1424 265 1493 tetragonus
279 1424 333 1478 est.
358 1417 408 1476 Sin
426 1435 601 1478 verounum
619 1417 714 1478 trihus
729 1421 959 1485 coacervaveris,
978 1429 1061 1496 quat·

92 1508 160 1561 tuor
177 1507 347 1578 tetragonus
363 1501 504 1562 exoritur.
549 1502 624 1562 Huic
639 1504 664 1563 si
680 1503 848 1579 quinarium
864 1505 992 1582 iungam,
1009 1522 1061 1563 no·
1077 1517 1101 1557 15

92 1585 229 1646 venerius
252 1603 357 1646 rursus
374 1587 512 1645 occurrit.
558 1587 634 1646 Huic
649 1587 673 1645 si
689 1587 810 1664 copuies
825 1595 953 1665 septem,
977 1588 1062 1648 sede·

93 1670 149 1728 cim
171 1670 307 1749 quadrati
334 1670 429 1730 iorma
453 1687 484 1730 se
505 1672 645 1749 suggerit.
695 1671 838 1747 idemque
860 1672 933 1731 siin
956 1674 1061 1733 ceteris

90 1752 195 1822 facias,
227 1772 330 1814 omnes
362 1761 556 1831 conpetenter
582 1753 742 1834 quadratos
768 1755 866 1815 videas
896 1758 1061 1833 procreari.

90 1836 127 1896 At
152 1855 222 1897 vero
250 1856 285 1898 ex
311 1838 441 1898 secundo
468 1840 602 1916 paritatis
627 1838 731 1898 ordine
755 1838 832 1898 idem
855 1841 953 1898 cuncti
976 1848 1061 1918 parte

76 1919 182 1981 altera
198 1920 348 1999 longiores
363 1923 446 1982 dunt.
493 1922 626 1998 Namque
648 1923 672 1982 si
688 1922 761 1981 duos
776 1923 872 1999 primo
889 1940 1060 1999 respexero,
1075 1940 1100 1979 ro

90 2004 260 2065 huiusmodi
286 2005 359 2065 milti
385 2024 527 2066 numerus
552 2007 696 2074 occurrit,
725 2007 774 2084 qui
800 2006 833 2064 tit
859 2025 892 2065 ex
919 2004 964 2064 bis
990 2024 1060 2065 uno.

89 2087 164 2150 Cum
194 2109 264 2150 vero
295 2089 412 2150 duobus
442 2097 600 2170 sequentes
631 2096 770 2168 quattuor
798 2091 939 2158 iunxero,
976 2099 1061 2167 parte

91 2172 183 2234 altera
204 2172 321 2253 longior
336 2192 442 2236 rursus
458 2177 527 2246 erit,
550 2175 685 2234 senarius
701 2173 827 2242 scilicet,
852 2175 901 2251 qui
917 2173 949 2233 tit
965 2193 999 2234 ex
1016 2174 1061 2235 bis

89 2257 195 2319 tribus.
246 2259 298 2320 Cui
324 2261 349 2319 si
375 2268 547 2339 sequentem
576 2259 791 2336 adgregavero,
823 2268 960 2319 nascetur
989 2259 1062 2319 mihi

88 2341 271 2403 duodenaria
300 2345 411 2413 forma,
439 2363 512 2423 quae
534 2344 567 2404 fit
588 2363 623 2405 ex
645 2351 750 2422 quater
770 2343 875 2404 tribus.
926 2341 1012 2411 Quod
1035 2347 1060 2405 si
1073 2359 1099 2400 25

88 2427 281 2488 continuatim
303 2431 368 2507 quis
389 2429 490 2498 faciat,
519 2439 642 2489 cunctos
668 2428 836 2489 huiusmodi
859 2446 1000 2489 numeros
1029 2431 1059 2490 in

159 2664 233 2712 1-2
252 2662 416 2729 multiplicet
497 2679 638 2716 numerum
655 2666 681 2714 in
699 2666 812 2728 margine
831 2680 852 2714 r.
917 2667 934 2715 4
951 2670 1018 2714 tunc
1037 2680 1059 2718 e.

87 2731 172 2780 dest
193 2732 279 2781 totius
298 2729 323 2779 d.
357 2726 370 2796 ii
402 2732 493 2795 ipsam
510 2733 543 2781 F.
614 2732 695 2782 8bis
717 2746 801 2781 unum
818 2731 864 2781 vel
888 2748 934 2785 om.
955 2731 985 2796 d,
1005 2733 1024 2783 f.
1054 2730 1057 2796 i

89 2795 132 2845 bis
153 2796 195 2846 -11-
215 2813 242 2856 c,
261 2813 285 2847 s.
358 2798 481 2856 9fecies
500 2815 528 2861 ος
553 2799 643 2853 facies
660 2806 777 2850 mutatum
794 2801 821 2848 in
844 2798 933 2849 facies
953 2815 983 2862 e,
1002 2815 1025 2853 r.
1053 2798 1057 2865 i

88 2863 148 2913 ·1110
173 2880 198 2916 c.
229 2860 243 2931 fl
277 2865 349 2916 ·IIII·
374 2880 395 2917 s.
429 2862 441 2931 ΙΙ
476 2866 515 2916 ·V·
539 2883 567 2928 e,
593 2882 614 2918 s.
689 2869 721 2917 10
746 2865 897 2930 quemlibet
919 2881 1061 2917 numerum

89 2930 176 2982 alium
195 2947 220 2982 a.
290 2935 321 2982 11
344 2934 486 2987 invenitur
508 2935 553 2984 vol
577 2934 763 2994 inveneritis,
785 2935 835 2983 aed
854 2932 901 2982 vel
921 2935 1061 2984 invenerit

87 2999 224 3049 inductum.
295 3003 327 3050 12
346 3006 373 3050 et
391 3016 438 3053 om.
458 3015 479 3050 s.
551 3003 583 3053 13
602 3001 675 3051 enim
692 3017 738 3052 om.
757 3001 789 3063 F,
809 3015 830 3050 s.
898 3002 931 3050 14
949 3017 1060 3052 coecer·

88 3067 164 3118 varis
183 3083 211 3130 o,
241 3068 452 3118 coacervcberis
471 3085 492 3120 r.
526 3065 538 3135 ΙΙ
573 3068 644 3119 -IIII·
670 3084 700 3132 o,
720 3083 747 3130 r;
778 3068 972 3130 quaternarius
992 3068 1016 3132 f,
1037 3084 1058 3121 s.

89 3135 122 3184 15
140 3134 241 3199 iunges
259 3148 284 3200 ες
304 3136 416 3200 iungam
434 3143 554 3187 mutatum
570 3137 597 3185 in
616 3136 716 3201 iunges
734 3151 756 3186 r.
826 3135 858 3183 16
877 3136 947 3185 ·VII·
966 3152 990 3198 o,
1004 3136 1029 3186 d.
1045 3134 1058 3201 ii

89 3199 169 3251 ·XVI·
188 3201 215 3251 d.
269 3204 301 3252 17
319 3204 457 3267 sugeserit
476 3220 500 3253 a.
560 3204 592 3254 18
611 3203 700 3252 facies
717 3203 749 3262 b,
769 3202 794 3267 f,
814 3202 831 3252 l.
895 3204 927 3252 19
948 3220 963 3252 e
982 3208 1060 3269 parte

87 3270 273 3385 aetite?
283 3272 603 3390 twtr‘dd‘t,
628 3272 661 3320 ²⁰
678 3269 780 3387 eiii:
797 3269 940 3388 iidti,
961 3274 994 3389 ἓξ
1012 3287 1060 3388 ‘tt

87 3401 176 3452 tribus
195 3418 226 3467 a,
245 3403 274 3467 ἃς
298 3405 341 3455 bis
358 3407 447 3456 tribus
465 3409 491 3456 in
508 3376 587 3457 muita
603 3421 625 3460 r.
695 3404 885 3469 renascitur,
904 3407 914 3455 i
931 3409 958 3456 in
977 3423 991 3456 e
1009 3422 1061 3457 mu·

85 3475 155 3528 tato,
174 3471 206 3524 F,
277 3473 423 3527 26inom.
442 3475 474 3524 F.
