2392 3922
143 144 205 208 104
403 143 496 196 insu.
514 144 668 196 unsrun.
687 145 731 209 11,
750 147 791 199 20.
810 149 850 196 21.

141 332 251 393 gonum
268 314 418 393 quinario,
441 312 486 374 vel
501 315 670 393 quinarium
685 325 886 393 pentagonum
901 317 1018 376 senario
1039 335 1109 377 era·

142 416 228 478 gono,
245 399 290 458 rel
305 400 455 460 senarium
471 399 639 476 septenario
655 406 800 477 eptagono
817 416 987 476 compares,
1010 402 1110 479 primo

142 503 174 544 se
195 482 359 561 triangulo.
388 483 418 543 id
440 491 485 544 est
506 482 568 543 sola
589 491 747 544 transeunt
773 484 893 543 unitate.
938 486 975 544 At
995 503 1065 545 vero
1087 488 1113 545 si

141 569 277 629 senarius
293 575 396 628 contra
414 568 621 635 novenarium,
645 565 690 627 rel
706 567 753 628 hic
769 575 871 627 contra
889 568 978 636 ·XH·,
1002 569 1048 629 vel
1064 570 1114 629 hie

116 660 247 713 scontra
271 652 355 721 ·XV·‚
378 649 424 714 vel
445 651 612 731 quindecim
636 659 737 711 contra
761 651 805 711 ·X·
823 659 852 712 et
869 652 968 721 ·Vlll·‚
990 672 1046 732 pro
1068 656 1114 713 in·

142 736 295 797 veniendis
307 737 477 797 differentiis
487 744 707 814 comparentur,
723 736 853 798 secundo
866 754 898 796 se
912 737 1069 815 trinngulo,
1082 738 1113 798 id
1143 765 1146 772 Α

144 830 189 882 est
205 822 337 881 ternario
355 821 547 897 superabunt.
599 820 643 880 ·X·
666 838 736 881 vero
757 820 792 880 ad
815 820 895 880 ·XVl·
919 826 948 880 et
971 821 1052 882 ·XVI·
1075 822 1114 883 ad

145 906 243 966 ·XXll·
263 913 293 966 et
315 905 413 966 ·XXll·
435 906 470 965 ad
495 905 630 965 ·XXVlll·
652 914 681 965 et
705 904 840 965 ·XXVlll·
864 904 899 964 ad
918 904 1069 966 ·XXXllll·
1087 908 1112 965 si

143 1007 320 1068 componas,
337 991 424 1050 tertio
439 1007 471 1049 se
488 988 635 1066 triangulo
650 991 782 1056 vincent,
798 989 828 1048 id
845 995 888 1049 est
903 993 1028 1050 senario.
1060 991 1111 1050 dt-

104 1091 129 1131 1o
143 1094 200 1154 que
214 1075 271 1134 hoc
282 1075 337 1136 rite
351 1073 501 1134 notabitur
511 1077 543 1134 in
555 1072 619 1135 aliis
632 1074 745 1134 cunctis
756 1072 950 1151 sequentibus
963 1088 1028 1134 sese
1044 1092 1115 1152 per·

143 1167 276 1238 spectum
293 1176 456 1236 omnesque
478 1175 510 1218 se
525 1157 680 1236 triangulis
700 1157 884 1218 antecedent.
930 1157 1028 1228 Quare
1044 1176 1112 1236 per·

144 1245 234 1312 lecte,
258 1250 290 1303 ut
306 1243 450 1312 arbitror,
468 1244 701 1303 demonstratum
718 1250 778 1309 est,
796 1242 927 1302 omnium
949 1242 1114 1302 formarum

147 1328 325 1407 principium
352 1326 589 1405 elementumque
606 1344 671 1387 esse
686 1325 875 1404 triangulum.

470 1484 514 1540 De
534 1487 662 1540 numeris
680 1485 785 1540 solidis.

105 1604 130 1644 15
208 1590 269 1650 XX.
307 1590 383 1650 Hinc
413 1607 482 1649 vero
513 1588 548 1648 ad
578 1589 688 1666 liguros
718 1585 824 1649 solidas
851 1585 965 1647 facilior
994 1588 1038 1646 via
1061 1595 1116 1647 est.

143 1674 340 1750 Praecognito
362 1674 457 1741 enim,
480 1672 548 1751 quid
569 1673 599 1732 in
620 1671 715 1752 planis
737 1689 929 1732 numerorum
951 1671 1054 1748 figuris
1071 1673 1117 1731 vis

144 1761 207 1836 ipsa
229 1759 398 1835 quantitatis
419 1756 591 1818 naturaliter
607 1766 761 1834 operatur,
784 1755 820 1815 ad
842 1756 952 1816 solidos
974 1772 1117 1815 numeros

145 1860 205 1902 non
218 1842 274 1902 erit
287 1841 344 1902 ulla
361 1843 517 1901 cunctatio.
543 1840 625 1902 Sicut
638 1843 716 1901 enim
731 1840 906 1917 longitudini
921 1857 1112 1899 numerorum

111 1997 114 2003 ,
148 1926 225 1988 aliud
241 1925 442 1996 intervallum,
459 1926 488 1985 id
505 1933 549 1986 est
564 1926 767 2003 superficiem,
792 1930 823 1984 nt
839 1923 961 1984 latitudo
977 1923 1116 1983 ostende·

106 2021 243 2082 roratur,
272 2011 447 2079 adiecimus,
474 2011 512 2070 ita
534 2027 612 2069 nunc
634 2009 779 2069 latitudini
799 2009 823 2067 si
844 2011 909 2085 quis
930 2007 1017 2068 addat
1038 2025 1115 2074 eam,

145 2115 220 2177 quae
236 2095 309 2156 alias
325 2093 447 2155 altitudo
463 2094 534 2155 alias
550 2094 712 2155 crassitudo
728 2093 798 2153 alias
813 2092 999 2171 profunditas
1013 2089 1115 2170 appel·

145 2181 237 2249 latur,
263 2180 391 2239 solidum
409 2180 525 2240 numeri
540 2195 650 2256 corpus
665 2177 803 2256 explebit.

145 2338 189 2393 De
201 2337 368 2409 pyramide,
391 2337 468 2408 quod
488 2350 522 2390 aa
541 2338 576 2393 rit
592 2335 749 2390 solidarum
763 2335 926 2406 fiyurarum
939 2334 1119 2403 principium

412 2422 486 2474 sicut
502 2419 666 2492 theupolus
678 2420 847 2488 planarum.

108 2549 133 2588 25
210 2524 283 2584 xxi.
331 2523 452 2583 Videtur
473 2531 585 2591 autem,
609 2521 857 2600 quemadmodum
879 2522 910 2581 in
932 2521 1028 2599 planis
1042 2520 1119 2598 sigu-

214 2674 355 2725 amitam
377 2678 522 2724 transeunt
544 2690 570 2738 s,
589 2675 623 2723 F.
698 2675 774 2723 4—5
797 2672 941 2722 duodecim
1038 2672 1119 2734 quin·

147 2743 236 2792 decim
257 2742 280 2802 f,
301 2743 332 2792 F.
389 2741 467 2793 dvel
487 2742 552 2793 ·XV·
571 2741 598 2804 d,
616 2743 648 2791 F.
679 2737 691 2806 ΙΙ
720 2741 814 2790 decem
835 2745 862 2790 et
880 2744 943 2790 octo
963 2739 986 2800 l3
1008 2739 1119 2788 ·XVIII-

147 2810 173 2871 d,
194 2826 215 2862 r.
277 2811 415 2860 'lDecem
434 2810 454 2872 f,
473 2810 503 2861 F.
565 2811 710 2860 ilsenerio
730 2808 911 2858 adcrescente
931 2822 954 2858 c.
1008 2808 1121 2870 lOper-

148 2879 287 2928 fectnmc.
343 2880 372 2927 11
394 2877 564 2927 antecedunt
577 2877 609 2939 F,
623 2892 644 2928 s.
692 2877 724 2926 14
743 2876 866 2938 Inscript.
884 2891 931 2926 ona.
951 2874 977 2923 d.
1013 2874 1056 2922 De
1076 2888 1118 2922 so-

146 2944 211 2995 lidis
230 2946 351 2995 numeris
369 2944 402 2995 F.
461 2947 492 2994 15
510 2945 627 2995 XVIIII.
646 2943 664 2996 l.
724 2942 754 2992 16
772 2942 975 3008 praecognitis,
995 2949 1022 2990 et
1038 2956 1121 3004 supra

146 3028 244 3063 uersum
261 3011 274 3063 l
292 3018 320 3063 to
338 3014 370 3074 b;
395 3013 606 3078 praecognitos3
626 3027 656 3061 os
674 3018 768 3061 mutato
787 3011 813 3059 in
831 3011 855 3059 is
874 3025 905 3070 (η
928 3005 1121 3074 praecognitis

149 3096 176 3138 c,
197 3080 228 3143 d,
247 3081 272 3141 f,
292 3080 316 3144 l,
336 3096 362 3144 r,
382 3095 408 3144 s,
427 3081 460 3129 F.
489 3076 502 3147 ss
532 3076 616 3145 enim]
637 3094 702 3130 vero
722 3096 751 3141 c,
771 3095 792 3132 s.
822 3074 834 3144 1]
868 3076 978 3141 quidin
997 3079 1121 3135 lituram

148 3149 219 3212 quod
239 3165 267 3208 ος
297 3163 368 3212 quae
387 3162 414 3210 ες
443 3148 514 3212 quod
533 3164 600 3198 corr.
621 3149 647 3196 in
667 3146 731 3210 quid
749 3161 774 3197 a.
845 3146 876 3193 18
899 3159 954 3193 non
978 3144 1030 3194 erit
1047 3137 1120 3205 nlla}

148 3213 375 3282 noluerunt]
404 3216 567 3269 cuntotiof,
621 3217 652 3264 19
672 3213 832 3264 ostendetur
851 3228 873 3272 c,
894 3227 915 3263 r.
963 3208 1120 3261 20141111-

147 3297 207 3333 mus
226 3300 247 3336 r.
300 3285 331 3332 22
352 3282 474 3347 explevit
491 3299 516 3344 r,
537 3282 657 3348 explevit
675 3298 742 3333 corr.
756 3283 783 3330 in
802 3294 834 3329 ex
855 3279 925 3328 lebit
944 3294 969 3331 a.
1022 3280 1055 3327 23
1073 3276 1119 3325 ln·

97 3404 100 3409 ,
147 3355 229 3415 script
249 3367 295 3402 om.
306 3349 330 3399 d.
343 3347 355 3416 [l
371 3350 514 3415 pyramide
528 3367 553 3414 a,
564 3351 591 3413 b,
602 3348 628 3411 d,
639 3350 657 3400 l.
671 3345 683 3414 ΙΙ
700 3350 735 3398 sit
747 3364 794 3400 om.
806 3348 825 3396 f.
837 3295 853 3413 ll
866 3347 1032 3412 principium
1048 3343 1085 3392 sit
1099 3343 1122 3392 f.

148 3420 181 3468 24
195 3420 267 3468 sicut
278 3417 436 3484 triangulus
449 3418 594 3482 planarum
606 3433 653 3469 om.
666 3417 693 3479 b,
707 3416 726 3468 l.
746 3412 758 3479 ΙΙ
778 3412 861 3478 sicut]
874 3419 906 3463 ut
917 3414 948 3463 F.
976 3414 1030 3462 .25
1042 3411 1119 3461 XXI.

148 3503 195 3539 om.
209 3486 228 3535 1.
252 3482 264 3553 ll
289 3483 392 3550 cutem]
414 3487 528 3544 enimc,
548 3501 568 3535 s.
