2392 3922
143 146 187 212 50
444 145 755 207 manamaur,
773 147 815 198 aa.

145 319 239 378 mites.
285 315 605 395 Superparticularium
628 333 746 394 quoque
766 316 879 376 inlinita
896 325 941 378 est
956 316 1120 380 multitudo

144 402 182 462 ob
199 420 264 463 eam
279 420 359 471 rem,
379 401 456 482 quod
473 401 605 463 eiusdem
620 401 734 478 species
748 399 961 462 interminabili
975 418 1120 480 prognae·

144 488 228 551 sione
243 487 415 564 iunguntur.
459 485 593 566 Namque
609 483 773 565 sesqualter
788 484 910 546 habebit
925 486 1047 565 quidem
1062 487 1119 550 du·

145 591 194 633 ces
216 589 318 633 omnes
338 580 407 649 post
426 572 588 632 ternarium
612 587 770 631 numerum
786 570 959 631 naturaliter
974 570 1119 651 triplices,

118 659 267 718 scomites
289 674 359 716 vero
381 673 484 717 omnes
505 664 573 734 post
594 653 743 715 binarium
767 672 924 717 numerum
940 655 1120 719 naturaliter

144 760 246 822 paras,
273 741 331 802 hoc
358 740 445 802 modo
472 747 505 800 ut
528 740 642 819 primus
664 741 775 817 primo,
803 740 952 801 secundus
975 742 1118 812 secundo,

143 829 247 889 tertius
266 828 353 886 tertio
371 831 560 902 comparetur
576 830 606 884 at
620 823 768 903 deinceps.
808 823 1023 886 Describantur
1039 828 1118 888 enim

144 912 305 991 longissimi
328 927 431 970 versus
447 907 609 987 triplicium
625 909 769 969 naturalis
784 909 899 970 numeri
914 916 1004 988 atque
1020 910 1118 990 dupli·

144 998 222 1058 cium
239 1005 268 1057 et
284 993 393 1056 sithoc
409 993 512 1054 modo:

105 1133 165 1194 rol.
204 1131 239 1192 ll.
281 1128 331 1190 lll.
381 1127 444 1189 llll.
471 1129 503 1189 V.
542 1127 588 1188 Vl.
658 1126 718 1188 Vll.
761 1127 834 1188 Vlll.
893 1128 979 1189 Vllll.
1025 1128 1062 1190 X.

144 1215 192 1277 lll.
205 1215 250 1276 Vl.
282 1211 369 1274 Vllll.
381 1212 443 1273 Xll.
470 1212 528 1274 XV.
542 1211 641 1273 XVlll.
658 1211 732 1273 XXl.
761 1211 879 1274 XXllll.
894 1212 1006 1274 XXVll.
1022 1211 1116 1276 XXX.

144 1299 178 1360 ll.
206 1298 268 1359 llll.
284 1297 330 1357 Vl.
382 1296 453 1358 Vlll.
468 1297 505 1358 X.
542 1296 603 1357 Xll.
658 1295 833 1358 Xllll.XVl.
892 1295 990 1358 XVlll.
1019 1294 1085 1358 XX.

207 1434 325 1493 Primus
350 1433 440 1510 igitur
466 1451 569 1495 versus
599 1432 730 1493 continet
756 1449 912 1493 numerum
938 1431 1116 1503 naturalem,

144 1517 293 1580 secundus
310 1518 372 1579 eius
388 1517 550 1596 triplicem,
571 1519 675 1578 tertius
690 1533 760 1576 vero
773 1515 928 1596 duplicem.
972 1517 1071 1595 Atque
1085 1519 1117 1577 in

106 1617 130 1657 1⁵
145 1621 180 1664 eo
203 1605 227 1664 si
247 1605 397 1664 ternarius
417 1602 548 1672 binario,
577 1601 623 1662 vel
645 1602 669 1663 si
684 1601 819 1662 senarius
835 1602 1043 1684 quaternario,
1070 1601 1117 1662 vel

144 1689 321 1749 novenarius
341 1688 457 1748 senario
474 1693 674 1765 comparetur,
699 1684 744 1746 vel
759 1703 863 1747 omnes
879 1685 1009 1764 triplices
1025 1703 1116 1766 aupe-

144 1773 238 1834 riores
259 1773 283 1833 si
305 1769 470 1851 duplicibus
491 1771 624 1832 numeris
645 1769 895 1848 consequentibus
913 1778 1113 1849 opponantur,

143 1856 281 1919 hemiolia
296 1856 326 1917 id
343 1863 388 1918 cst
402 1852 584 1935 sesqualtera
600 1856 754 1936 proportio
775 1862 933 1930 nascetur„
956 1854 1015 1916 -lll·
1034 1856 1116 1916 enim

143 1943 255 2004 habent
280 1943 356 2003 intra
383 1961 415 2004 se
443 1942 489 2002 ·ll·
517 1948 546 2002 et
572 1958 675 2001 eorum
703 1938 829 2000 mediam
856 1946 987 2017 partem,
1014 1939 1043 2001 id
1072 1949 1117 2002 est

104 2041 244 2090 rounam.
291 2026 349 2087 Sex
375 2044 494 2104 quoque
523 2027 675 2086 continent
703 2025 782 2085 intra
806 2041 838 2085 se
860 2022 932 2084 ·llll·
957 2032 1115 2086 eteorum

143 2113 346 2182 medictatem,
364 2111 394 2173 id
411 2118 456 2172 est
472 2110 517 2170 ·ll·
563 2111 599 2170 Et
616 2108 711 2170 ·Vllll·
729 2111 805 2169 intra
821 2127 852 2170 se
868 2109 1018 2169 senarium
1034 2107 1115 2169 clau·

143 2197 218 2258 dunt
233 2204 262 2256 et
277 2197 339 2256 eius
355 2194 482 2255 mediam
499 2202 628 2272 partem,
645 2193 672 2253 id
690 2201 733 2254 est
750 2192 808 2254 ·lll·
818 2212 825 2262 ;
845 2194 1009 2272 eodemque
1024 2192 1114 2254 modo

143 2283 172 2340 in
188 2281 305 2340 ceteris.

207 2380 368 2442 Dicendum
391 2397 460 2438 vero
483 2385 542 2447 est,
565 2380 589 2438 si
604 2379 671 2458 quis
686 2380 846 2440 secundam
863 2380 993 2457 speciem
1008 2396 1114 2456 supar-

104 2480 129 2520 rs
143 2463 329 2544 particularis
350 2463 466 2524 numeri
487 2463 676 2525 considerare
698 2463 861 2533 desideret,
882 2462 912 2524 id
935 2469 980 2524 est
1000 2463 1115 2542 sesqui·

144 2551 275 2617 tertiam,
307 2547 386 2627 quali
416 2548 530 2609 ratione
556 2549 715 2626 repperiet.
766 2551 808 2609 ilc
835 2548 966 2608 definitio
993 2548 1115 2627 quidem

143 2635 230 2695 huius
245 2633 474 2712 comparationis
489 2632 553 2694 talis
576 2640 628 2694 est.
674 2634 887 2712 Sesquitertius
909 2640 967 2701 est,
992 2633 1045 2710 qui
1060 2632 1115 2692 mi-

142 2720 208 2780 nori
229 2726 419 2797 comparatus
434 2717 524 2779 habet
539 2735 607 2780 eum
623 2717 714 2780 semel
731 2727 760 2779 et
776 2719 838 2780 cius
853 2718 970 2778 tertiam
987 2725 1114 2795 partem.

209 2957 318 3008 3Nam
342 2957 362 3010 f.
389 2950 416 3072 lp
456 2956 564 3020 quidem
582 2956 698 3006 habebit
716 2955 737 3008 f.
826 2951 1115 3008 10-12V1111.X.

142 3025 255 3079 XXVII.
279 3023 366 3077 XXX.
418 3023 492 3074 VIII.
515 3022 574 3074 XX.
594 3039 640 3075 om.
659 3039 676 3073 a
694 3029 720 3073 et
737 3021 764 3084 d3
790 3023 880 3072 sedin
899 3020 915 3071 d
932 3022 1008 3072 iidem
1024 3034 1116 3072 versus

141 3095 168 3142 in
184 3093 298 3158 marpr‘ne
315 3093 440 3156 Inferiore
458 3095 582 3158 leputatur,
600 3108 651 3142 unu
668 3107 722 3142 eum
739 3092 849 3140 numeris
860 3091 887 3139 in
903 3096 1028 3139 contextu
1040 3089 1115 3140 emir·

140 3163 185 3210 sis.
262 3163 293 3210 17
318 3164 493 3225 apponantur
511 3160 544 3223 b,
564 3160 588 3225 1,
607 3175 628 3212 r.
703 3159 735 3209 18
755 3156 885 3208 emiholia
904 3173 935 3222 a,
961 3155 1117 3208 hemiholia

140 3229 170 3290 b,
195 3228 404 3294 Hethimologia
428 3244 452 3281 c.
486 3224 498 3294 ll
532 3227 658 3278 nascitur
681 3226 698 3280 l.
732 3222 744 3292 Η
776 3229 833 3276 tres
851 3224 871 3279 f.
960 3225 992 3275 19
1016 3223 1070 3275 duo
1093 3223 1115 3274 f.

141 3296 575 3348 20-21unum...ideatom.
595 3311 618 3351 c.
677 3295 752 3346 201·
771 3293 797 3346 b.
820 3289 832 3360 l]
857 3293 982 3343 continet
1001 3308 1031 3355 o,
1052 3305 1115 3342 con-

140 3365 224 3428 tinet,
246 3371 365 3416 mutatum
386 3365 413 3414 in
437 3365 581 3414 continent
604 3379 629 3414 a.
665 3359 677 3429 {l
709 3363 828 3422 iniero,
853 3361 925 3411 inter
946 3366 1066 3411 mutatam
1088 3360 1115 3408 ia

141 3433 215 3482 intra
234 3449 259 3486 a.
334 3435 366 3484 21
385 3432 438 3483 duo
457 3432 476 3481 f.
506 3427 518 3498 ΙΙ
552 3431 606 3483 ·V1·
628 3431 654 3481 b.
730 3431 763 3478 22
781 3428 901 3479 mediam
919 3422 1037 3494 partem]
1058 3441 1115 3477 me-

141 3500 274 3552 dietatem
292 3500 310 3551 l.
386 3502 420 3550 24
439 3503 482 3550 eat
499 3515 546 3551 om.
566 3498 596 3562 d,
615 3498 634 3548 f.
704 3499 737 3548 27
756 3501 798 3548 eet
816 3512 862 3548 om.
883 3512 911 3559 c,
931 3495 956 3546 d.
