2392 3922
137 109 178 172 78
443 109 535 160 rnsr,
553 109 705 159 tamnu.
724 110 765 171 11,
787 112 809 158 1.

138 277 271 339 buslibet
287 277 383 338 tribus
399 278 532 337 terminis
552 275 757 355 inaequalibus
779 276 897 354 quidem
914 277 966 336 sed
981 296 1112 357 propor-

138 361 286 423 tionaliter
314 363 493 430 constitutis,
515 361 544 420 id
569 367 665 420 estut
692 361 816 420 eandem
845 361 959 421 medius
985 362 1022 421 acl
1049 366 1112 440 pri·

138 465 219 507 mum
235 449 290 506 vinr
304 447 506 525 proportionis
517 444 657 512 obtineat,
675 463 760 522 quam
774 447 824 523 qui
837 452 881 505 est
893 455 1054 516 extremus,
1071 448 1110 507 ad

137 531 282 600 medium,
305 532 335 588 in
353 529 483 606 qualibet
497 527 711 606 inaequalitatis
728 530 841 588 ratione
857 528 902 588 vel
917 531 948 588 in
963 529 1108 610 multipli-

113 615 235 685 ocibus,
252 613 298 674 vel
314 616 344 672 in
361 612 694 692 superparticularibus,
711 613 756 673 rel
769 615 798 672 in
811 615 1108 692 superpartientibus,

137 698 183 760 vel
195 701 224 758 in
243 699 304 768 bis,
324 700 424 776 quiex
443 699 489 758 bis
506 704 702 776 procreantur
718 696 929 776 multiplicibus
945 716 1111 779 superpar-

137 781 1110 861 ticularibus‚velmultiplicibussuperpartientibus,eadematquo

137 887 195 928 una
209 870 323 928 ratione
335 866 500 926 indubitata
513 864 667 925 constabit.
684 865 846 943 Propositis
858 867 936 926 enim
949 866 1060 936 tribus,
1077 877 1110 928 ut

138 953 247 1013 dictum
272 959 325 1018 est,
349 951 483 1010 terminis
495 951 597 1028 aequis
618 949 860 1026 proportionibus
881 950 1023 1010 ordinatis
1039 950 1108 1011 nlti-

98 1054 216 1096 romum
245 1052 362 1112 semper
388 1034 485 1093 medio
512 1033 700 1094 detrahamus
722 1040 750 1092 et
781 1035 875 1111 ipsum
904 1034 1022 1112 quidem
1039 1035 1108 1096 ulti-

136 1139 217 1180 mum
239 1122 368 1197 primum
390 1119 547 1177 terminum
565 1115 770 1186 conlocemus,
793 1118 872 1195 quod
894 1118 1043 1178 demedio
1060 1137 1108 1180 re-

136 1204 294 1281 linquitur,
318 1202 490 1262 secundnm.
522 1202 562 1261 De
578 1202 665 1262 tertia
682 1219 751 1261 vero
766 1205 989 1281 propositorum
1003 1207 1107 1263 termi-

137 1305 243 1347 norum
265 1303 379 1347 summa
402 1287 571 1346 auferemus
593 1303 684 1345 unum
706 1287 833 1365 primunr
857 1295 885 1347 et
911 1287 985 1347 duos
1000 1305 1108 1347 secun-

136 1372 203 1437 dos,
221 1388 286 1439 eos,
304 1371 354 1446 qui
370 1370 406 1430 de
422 1371 578 1431 medietate
594 1369 689 1430 relicti
704 1377 786 1437 sunt,
807 1378 835 1429 et
851 1371 879 1430 id
896 1371 976 1448 qnod
992 1389 1028 1431 ex
1045 1380 1108 1432 ter·

97 1472 121 1509 15
137 1456 176 1515 tia
198 1471 312 1514 summa
335 1454 526 1530 relinquitur,
557 1455 677 1515 tertium
699 1457 860 1514 terminum
881 1457 1106 1517 constituemus.

136 1538 256 1599 Videbis
278 1539 368 1615 igitur
384 1539 441 1598 hoc
464 1531 540 1599 lacto
563 1541 594 1599 in
610 1540 756 1599 minorem
772 1540 892 1600 modum
909 1557 1040 1600 summas
1057 1560 1106 1601 re·

135 1623 208 1683 verti
225 1623 300 1682 etad
314 1622 552 1702 principaliorem
568 1623 770 1683 habitudinem
783 1624 1019 1702 comparationes
1034 1643 1106 1703 pro·

134 1708 345 1786 portionesque
361 1707 478 1775 reduci,
496 1716 528 1768 ut
543 1708 566 1766 si
582 1709 619 1767 sit
635 1707 798 1786 quadrupla
815 1708 984 1786 proportio,
1007 1710 1105 1787 primo

135 1792 170 1852 ad
186 1790 320 1870 triplam,
344 1792 412 1851 inde
428 1792 464 1851 ad
481 1790 615 1871 duplam,
640 1792 707 1852 inde
728 1792 764 1851 ad
788 1791 991 1869 aequalitatem
1008 1809 1105 1869 usque

96 1890 121 1929 20
134 1894 285 1947 remeare;
309 1884 338 1935 et
353 1877 376 1936 si
392 1877 429 1936 sit
444 1877 722 1956 superparticularis
744 1877 982 1955 sesquiquartus,
1004 1879 1106 1954 primo

134 1962 170 2021 ad
186 1962 422 2040 sesquitertium,
438 1963 506 2022 inde
523 1962 558 2022 ad
575 1960 802 2037 sesqualterum,
818 1968 973 2040 postremo
989 1961 1026 2020 ad
1042 1969 1106 2022 tres

133 2044 271 2123 aequales
286 2047 430 2105 terminos
450 2047 558 2107 redire.
589 2046 652 2106 Hoo
673 2052 771 2105 autem
788 2062 842 2104 nos
865 2043 991 2124 exempli
1007 2047 1103 2121 gratia

132 2131 163 2189 in
191 2129 345 2206 multiplici
371 2138 484 2190 tantum
512 2131 703 2206 proportione
732 2128 919 2194 docebimus.
951 2128 1102 2190 sollertem

132 2216 248 2274 veroin
265 2212 328 2273 aliis
345 2232 463 2292 qnoque
484 2212 697 2292 inaequalitatis
720 2212 875 2290 speciebus
899 2213 928 2272 id
945 2215 1104 2290 experien-

94 2307 191 2357 olen
218 2298 320 2357 eadem
347 2295 429 2377 ratio}
453 2305 682 2374 praeceptorum
714 2295 834 2357 iuvabit.
880 2297 1103 2358 Constituantur

133 2380 209 2439 enim
226 2391 287 2440 tres
303 2399 317 2439 a
335 2398 367 2439 se
382 2381 501 2439 termini
516 2380 681 2457 quadrupli.

308 2513 434 2605 quur.
522 2514 636 2574 xxxn.
724 2515 871 2578 oxxun

195 2649 285 2708 buter
301 2649 389 2725 igitur
406 2666 440 2706 ex
457 2648 553 2708 medio
565 2652 727 2718 minorem,
745 2651 774 2710 id
791 2659 835 2711 est
848 2669 883 2710 ex
895 2653 1012 2728 triginta
1026 2651 1101 2712 duo-

131 2732 188 2793 bus
204 2734 403 2801 octonarium,
420 2731 628 2810 relinquuntur
645 2735 770 2795 xxtiii-
789 2745 817 2795 et
833 2736 961 2812 primum
979 2745 1100 2796 octona-

93 2818 208 2876 acrium
237 2816 398 2876 terminum
425 2832 516 2893 pone,
548 2820 712 2880 secundnm
741 2837 827 2886 vero,
857 2819 935 2897 quod
962 2818 1099 2880 relictum

130 2900 220 2961 fuerit
242 2919 277 2960 ex
299 2899 412 2966 medio,
438 2901 466 2960 id
489 2910 533 2962 est
554 2903 694 2972 ·Xllllll·,
723 2913 756 2962 ut
779 2904 836 2963 sint
852 2903 881 2962 hi
903 2904 960 2963 duo
979 2905 1100 2963 termini

197 3085 416 3149 3quamhebet
439 3101 464 3139 a.
551 3090 656 3152 tiquae
677 3105 705 3152 c,
725 3086 754 3149 d,
780 3086 802 3148 1,
822 3102 847 3149 r,
869 3102 891 3140 s.
919 3085 930 3153 ll
959 3088 1034 3137 exis
1053 3086 1099 3154 dil

128 3154 192 3202 Post
216 3157 396 3217 procreantur
414 3155 486 3203 addit
510 3156 561 3205 hoo
580 3161 624 3206 est
643 3172 666 3205 c.
720 3154 799 3204 'ivel
823 3170 869 3204 one.
892 3155 911 3208 f.
975 3159 1040 3206 eut
1058 3155 1098 3205 ul-

128 3221 224 3269 timurn
249 3237 278 3284 a,
299 3237 326 3280 ος
351 3224 381 3268 ut
398 3237 478 3285 supra
495 3239 592 3273 percurro
616 3240 636 3272 r.
713 3225 743 3270 12
767 3222 854 3272 tercio
873 3223 892 3274 f.
969 3225 1000 3274 13
1020 3224 1098 3273 oufe-

128 3302 220 3336 ramus
244 3305 269 3351 s;
294 3288 449 3338 auferemus
472 3306 540 3340 corr.
565 3293 590 3339 in
615 3292 773 3340 auferamus
797 3305 822 3338 a.
893 3293 925 3342 23
949 3290 1098 3356 multiplici

128 3352 248 3421 tontum]
273 3356 516 3420 multiplicantium
535 3359 560 3407 (1.
586 3355 597 3422 ΙΙ
626 3358 755 3407 solertem
775 3372 799 3416 a,
820 3358 845 3420 b,
866 3374 886 3407 r.
962 3362 994 3409 29
1013 3359 1098 3408 relin-

128 3428 215 3486 quunt
234 3440 258 3476 o.
328 3426 360 3473 30
379 3439 464 3488 pones
483 3427 506 3473 d.
577 3427 608 3474 31
629 3430 691 3474 sunt
711 3441 734 3473 o.
759 3422 770 3491 Η
795 3426 837 3474 -ΙΙ-
858 3441 880 3475 c.
