2392 3922
461 144 671 194 PRAEFATIO.
1001 144 1051 192 Vll

86 302 207 365 censui.
237 300 278 364 In
293 299 527 365 vocabulorum
542 300 703 385 scriptura
725 299 752 361 si
776 299 828 362 cui
850 321 965 384 parum
988 297 1053 362 sibi

86 412 234 467 constare
249 403 418 485 videatur,
443 401 531 488 quod
546 406 745 480 supponendo
762 409 793 463 et
809 406 934 479 obtinet,
960 408 1052 480 inpar

87 515 118 569 et
140 526 335 586 comparare,
366 511 492 568 adsumo
515 511 547 565 et
570 509 724 581 aspicere,
753 499 818 564 alia
839 501 934 566 huius
962 502 1051 566 modi

84 609 173 694 typis
210 608 374 671 invenerit
414 604 516 684 edita,
555 605 583 666 is
624 603 808 666 meminerit
841 603 968 667 codices
1000 625 1052 667 me

43 709 46 716 ’
85 719 233 774 secutum
262 732 333 772 esse
367 708 429 769 hac
463 707 497 768 in
533 726 566 767 re
594 705 737 767 maxime
766 706 874 767 varios
904 727 962 768 nec
988 707 1053 768 nisi

86 814 191 896 magis
215 813 287 873 veri
311 806 430 872 similia
451 809 579 893 assequi
594 806 792 892 potuiss07).
838 805 905 869 Uni
928 815 1054 869 tantum

85 921 187 992 spatio
193 912 308 975 invitis
321 932 422 996 paene
434 909 599 973 codicibus
612 920 625 972 t
636 909 779 973 litteram
791 909 923 971 servavi
934 910 1055 971 reiecta

89 1036 117 1095 c,
142 1036 224 1099 quae
245 1013 432 1097 saepissime
455 1013 605 1076 occurrit.
650 1012 690 1075 In
716 1011 842 1095 graecis
865 1010 1052 1074 nominibus

85 1115 226 1201 propriis
253 1136 402 1199 graecam
432 1114 598 1178 scribendi
630 1115 789 1178 rationem
818 1114 910 1198 sequi
937 1112 1049 1192 malni,

85 1239 127 1280 ex
142 1239 205 1304 qua
221 1227 253 1279 et
275 1217 346 1302 ipsa
361 1222 546 1280 Ptolomaeus
561 1216 697 1307 videtur
710 1215 928 1279 scribendum.
968 1214 1053 1279 Geo-

84 1321 220 1383 metriae
247 1317 366 1399 libros,
398 1341 471 1382 cum
496 1321 669 1405 posteriori
692 1320 830 1404 tempori
852 1316 1054 1382 attribuendi

85 1422 166 1486 mihi
189 1420 379 1502 videantur,
403 1423 431 1484 si
457 1444 519 1507 qua
541 1424 575 1485 in
596 1443 631 1485 re
653 1444 672 1484 a
694 1422 810 1484 ceteris
829 1420 936 1484 Boetii
958 1419 1052 1483 libris

85 1523 270 1604 distabant,
293 1545 359 1587 non
380 1525 516 1587 mutavi.
564 1525 608 1588 Et
629 1523 717 1587 haud
740 1525 807 1588 scio
832 1546 874 1586 an
893 1525 928 1586 in
951 1523 1052 1607 ipsius

84 1626 192 1689 Boetii
203 1625 355 1711 operibus
365 1625 567 1710 corrigendis
580 1627 780 1690 constantior
792 1647 862 1689 esse
872 1625 1053 1689 studuerim

85 1727 199 1792 Boetio
226 1729 314 1814 ipso,
344 1750 418 1792 cum
440 1729 655 1792 variationem
677 1751 784 1791 rerum
812 1726 903 1791 illum
926 1749 1053 1790 arrisisse

85 1852 152 1891 non
185 1827 289 1890 solnm
322 1829 453 1890 easdem
487 1832 664 1892 sententias
699 1829 873 1914 eloquendi
907 1831 1052 1892 maxima

87 1929 230 1990 varietas
246 1936 397 2009 testetur,
411 1928 468 1989 sed
480 1930 578 1991 etiam
590 1929 676 2014 quod
690 1931 873 2013 promiscue
885 1932 1055 2014 scripsisse

89 2053 161 2094 enm
184 2030 328 2093 maxime
351 2038 400 2091 est
423 2028 599 2092 verisimile
622 2029 850 2115 triangulus
874 2040 905 2093 et
926 2031 1053 2094 trian-

86 2131 234 2218 gulum,
264 2130 514 2218 pyramidam
544 2141 575 2194 et
603 2132 868 2218 pyramidem,
898 2142 1053 2198 atomon

86 2235 213 2315 latinis,
237 2238 445 2318 aolovoov
467 2218 597 2318 graecis
616 2233 749 2317 litteris,
774 2235 903 2299 similia.

171 2370 272 2434 Uncis
295 2369 413 2433 inclusi
436 2372 573 2455 quaein
593 2394 667 2457 pag.
689 2373 752 2437 375
780 2395 881 2437 verss.
907 2377 934 2437 1.
951 2376 981 2438 2.
1002 2377 1050 2440 l8.

88 2474 137 2537 19.
154 2472 321 2557 leguntur,
345 2494 405 2535 nec
420 2495 471 2535 mc
487 2473 572 2558 fugit
594 2473 718 2538 includi
741 2476 839 2538 ctiam
858 2474 922 2540 alia
945 2500 1050 2563 posse,

86 2575 176 2639 velut
191 2597 266 2661 pag.
282 2574 345 2639 383
360 2596 416 2638 vv.
432 2575 553 2659 5-21,
578 2597 652 2662 pag.
668 2577 729 2640 387
746 2600 777 2640 v.
794 2578 835 2641 23
851 2588 883 2642 et
898 2601 972 2664 pag.
989 2581 1051 2644 388

86 2700 142 2741 vv.
160 2680 188 2740 1.
205 2677 235 2740 2.
281 2676 345 2741 Sed
372 2679 476 2761 magis
506 2688 582 2741 sunt
611 2679 731 2742 vitiosa
759 2677 815 2742 illa
837 2678 922 2763 loca,
955 2704 1052 2767 quiam

85 2790 122 2843 ut
151 2781 243 2842 uncis
273 2781 382 2844 sanari
415 2781 551 2865 possint.
601 2779 641 2842 In
668 2803 742 2865 pag.
763 2781 825 2844 401
855 2805 886 2845 v.
912 2783 951 2846 10
978 2794 1052 2868 post

84 2887 276 2960 loapdudr‘ne
303 2881 418 2945 lacuna
446 2882 619 2951 statuenda
649 2892 707 2946 est.
758 2883 931 2948 Intercidit
965 2887 1051 2949 enim

171 3136 192 3206 ⁷)
206 3137 257 3193 Vel
268 3137 340 3192 idem
353 3138 518 3192 vocabulum
529 3140 631 3192 eisdem
644 3139 747 3192 litteris
756 3141 859 3207 ubique
868 3147 900 3192 ut
910 3142 1052 3194 redderem

87 3240 169 3293 qnam
186 3229 303 3277 maxime
323 3243 384 3277 cnm
401 3229 525 3279 intentus
544 3243 645 3290 essem,
667 3234 759 3278 tamen
772 3244 806 3278 ne
820 3228 914 3280 oculos
932 3230 1052 3279 laterent

87 3312 193 3378 aliquot
220 3312 319 3362 menda
345 3312 471 3378 inpedire
500 3314 621 3378 nequivi.
665 3313 805 3363 Nonnulla
833 3314 917 3363 etiam
944 3315 1051 3362 mutata

87 3399 165 3448 novis
193 3399 363 3463 argumentis
392 3399 533 3464 sententia
561 3397 690 3449 variavit.
738 3401 814 3461 Quae
842 3401 873 3446 ut
901 3395 1051 3447 secundum

85 3483 252 3549 scripturam
270 3483 299 3531 in
317 3483 407 3533 indice
425 3483 577 3534 adhibitam
596 3481 741 3532 emendata
759 3482 914 3532 habeantur
932 3482 1003 3543 peto.
