2392 3922
404 134 497 187 mss.
515 133 667 184 xnxnnu.
687 134 713 194 1,
733 135 774 183 aa.
1035 129 1074 192 71

105 307 344 385 quadripartiens
369 305 464 365 statim
495 303 644 380 quantitas
672 299 894 380 procreabitur,
920 310 953 360 ut
975 308 1018 361 est
1040 318 1073 361 ea

106 392 217 460 forma,
235 408 321 467 quam
338 388 519 468 subpositam
535 387 624 447 vides.

372 506 459 567 XXV.
548 503 611 562 XX.
697 502 771 561 XVl.

373 591 459 651 XXV.
547 588 633 646 XLV.
699 586 824 646 LXXXl.

108 709 225 779 Restat,
248 707 499 786 quemadmodum
521 725 557 766 ex
578 702 896 785 superparticularibus
919 714 947 764 et
973 717 1101 784 super-⁵

108 794 303 872 partientibus
325 792 504 870 multiplices
525 788 809 870 superparticulares
836 787 880 848 vel
902 788 1078 867 multiplices

107 881 365 956 superpartientes
387 881 545 936 nascantur
565 875 737 943 ostendere,
762 891 889 953 quorum
911 874 995 934 binas
1016 881 1079 933 tan·

111 968 174 1019 tum
190 961 297 1021 laciam
313 960 534 1039 descriptiones
564 959 698 1036 Namque
714 960 737 1019 si
754 966 869 1018 rectum
887 965 916 1018 et
931 975 991 1017 non
1008 976 1078 1018 con-

110 1062 231 1103 versum
251 1042 461 1121 sesqualterum
482 1045 635 1123 ponimus,
663 1043 772 1122 duplex
798 1042 1079 1121 superparticularis

109 1130 266 1189 excrescit.
297 1129 340 1188 Sit
355 1129 432 1188 enim
448 1128 505 1189 hoc
520 1128 624 1188 modo:
1093 1136 1118 1174 1⁰

407 1246 469 1306 llll.
556 1246 603 1306 Vl.
691 1245 778 1306 Vllll.
839 1268 845 1280 ’

107 1364 239 1425 Ponatur
254 1364 418 1425 secundum
439 1365 626 1444 superiorem
642 1363 760 1424 modum
782 1364 879 1442 primo
900 1364 1014 1442 primus
1030 1381 1077 1424 ae-

104 1447 216 1526 qualis,
242 1448 272 1507 id
295 1456 337 1508 est
361 1448 450 1518 ·llll‹‚
473 1449 623 1510 secundus
643 1449 740 1529 primo
762 1455 790 1508 et
811 1448 956 1517 secundo,
982 1449 1077 1509 idest

111 1531 171 1600 X,
188 1534 294 1592 tertius
308 1535 424 1612 primo,
441 1533 558 1594 duobus
574 1532 712 1593 secundis
729 1540 757 1593 et
772 1535 859 1594 tertio
881 1531 1024 1610 aequalis,
1048 1532 1077 1592 id

104 1628 152 1676 est
167 1616 250 1678 ω’
397 1657 459 1762 ΗΠ.
549 1702 594 1760 νι.
681 1702 768 1762 nur.
1092 1624 1117 1664 ¹⁵

401 1785 463 1845 llll.
552 1785 587 1844 X.
688 1786 774 1846 XXV.

174 1903 269 1978 Atque
295 1903 370 1960 haec
397 1902 516 1976 quidem
539 1901 647 1978 duplex
669 1901 852 1980 sesqualtera
874 1919 988 1961 summa
1011 1919 1079 1978 pro-

107 1985 198 2044 ducta
222 1993 280 2053 est;
303 1985 328 2044 si
354 2001 425 2043 rero
457 1986 678 2062 sesquitertium
704 2003 763 2044 non
792 2003 966 2044 conversum
989 2002 1080 2061 pona-

107 2087 178 2128 mus
194 2066 303 2146 duplex
318 2069 524 2147 sesquitertius
540 2069 702 2139 invenitur,
724 2076 755 2128 ut
771 2068 903 2129 subiecta
920 2065 1080 2146 descriptio
1095 2092 1120 2130 ao

111 2153 215 2213 docet:

393 2227 479 2297 Vlll'l.
569 2235 631 2296 Xll.
719 2237 790 2297 XVI.

392 2322 476 2382 Vllll.
565 2321 640 2382 XXl.
717 2321 854 2382 XLVllll.

107 2442 146 2500 At
162 2457 232 2499 vero
253 2439 277 2497 si
299 2439 335 2498 ad
356 2441 608 2519 superpartientes
628 2441 758 2501 animum
781 2445 987 2501 convertamus
1014 2457 1081 2501 eos·

107 2542 168 2602 que
184 2522 341 2583 ordinatim
353 2524 518 2584 secundum
535 2527 689 2603 superiora
703 2535 863 2604 praecepta
874 2525 1075 2604 disponamus,
1094 2547 1119 2587 aa

110 2605 288 2687 multiplices
303 2610 557 2687 superpartientes
570 2609 727 2670 ordinatim
743 2611 916 2689 progenitos
927 2612 1079 2689 repperie-

109 2710 188 2752 mus.
218 2691 397 2771 Disponatur
414 2693 490 2752 enim
507 2695 754 2772 superpartientis
769 2693 843 2754 haec
858 2693 1000 2754 formula:

293 2841 296 2847 .
393 2793 480 2854 Vllll.
568 2794 626 2854 XV.
715 2795 799 2856 XXV.

180 2981 193 3027 1
211 2979 352 3042 quantitas
370 2994 450 3043 supra
467 2995 565 3029 ceratem
583 2979 607 3028 d.
630 2976 642 3044 ll
666 2995 699 3030 ea
718 2995 764 3030 om.
779 2995 803 3032 c.
874 2981 905 3030 10
925 2981 1027 3030 crescit
1047 2996 1080 3044 a,

108 3046 296 3108 b3adcrescit
313 3045 340 3097 (1,
369 3043 380 3112 ll
410 3046 576 3110 sturno,
597 3063 624 3109 e,
645 3047 674 3109 d,
695 3063 716 3097 s.
757 3047 824 3096 Sit.
845 3084 850 3095 .
872 3083 878 3096 .
898 3046 987 3110 modo]
1009 3049 1082 3096 enim

109 3113 162 3164 hoc
186 3113 264 3164 modo
287 3118 407 3179 ponatur
429 3131 451 3163 r.
539 3117 571 3164 12
593 3116 717 3164 Ponatur
741 3131 787 3165 om.
811 3130 832 3166 r.
862 3110 874 3180 ll
902 3113 1081 3178 superiorem]

109 3182 230 3246 priorem
249 3197 272 3244 c,
291 3180 318 3235 d.
390 3184 421 3232 13
440 3185 570 3245 quattuor
588 3197 612 3244 a,
632 3182 658 3244 b,
679 3182 704 3247 d,
725 3181 744 3242 1,
763 3197 784 3241 r,
805 3197 827 3231 s.
898 3184 931 3230 14
955 3183 1082 3247 aequalis

107 3263 157 3299 cm.
179 3248 205 3298 (1.
292 3250 323 3298 16
342 3254 370 3299 et
389 3251 421 3300 17
439 3251 496 3300 Duo
519 3251 546 3299 lu‘
566 3265 654 3301 uersus
675 3253 702 3300 in
724 3251 837 3313 maraine
863 3251 981 3313 teporatur
1006 3252 1032 3298 in
1055 3265 1081 3300 a.

111 3317 142 3366 17
161 3315 259 3379 XXV]
278 3316 343 3366 XV·
364 3333 387 3366 c.
434 3319 465 3367 19
483 3333 617 3383 ponemus
636 3331 798 3367 conversum
818 3317 837 3364 f.
891 3318 924 3365 20
937 3315 1035 3380 duplus
1056 3331 1081 3375 a,

109 3399 142 3444 c,
161 3382 193 3444 d,
213 3384 239 3443 f,
259 3399 284 3446 r,
304 3399 326 3433 s.
356 3381 368 3449 ll
397 3382 438 3449 ut]
458 3383 471 3434 l
488 3392 514 3435 et
536 3401 617 3449 supra
638 3400 737 3434 versum
755 3388 785 3432 ut
807 3399 828 3432 r.
951 3385 982 3431 21
1002 3383 1084 3430 docet

108 3450 256 3515 discriptio
275 3466 296 3500 s.
