2392 3922
419 143 513 195 rusr.
530 141 682 192 ιιιιιιιιι.
702 140 733 205 1,
747 143 790 192 ro.
1046 140 1086 205 41

118 312 300 392 tiplioatione
321 312 480 392 subripuit3
505 311 554 373 ille
574 329 661 379 vero,
684 317 718 370 ut
731 310 755 369 si
772 309 944 372 naturaliter
959 313 1085 390 quadarn

115 398 284 458 necessaria
304 406 390 476 parte
411 398 542 458 detracta
565 402 616 456 aut
631 396 728 454 minus
743 394 829 454 oeulo
844 405 1031 467 nasceretur,
1053 408 1087 459 ut

116 481 280 561 Cyclopeae
310 481 414 543 frontis
445 482 575 542 dedecus
606 479 673 548 luit,
704 477 749 539 vel
778 497 837 558 quo
868 479 925 539 alio
955 488 1086 543 curtatus

115 565 253 626 membro
273 565 408 629 naturale
423 568 514 627 totius
530 582 600 624 suae
616 561 808 641 plenitudinis
820 563 1004 641 dispendium
1021 584 1085 626 sor·

115 653 232 712 tiretur.
669 695 671 698 ψ

178 736 260 796 luter
287 736 469 816 hos-autem
496 731 574 794 velut
600 732 678 792 inter
698 730 867 810 inaequales
888 734 1085 813 intemperan-

114 822 171 880 tias
191 820 282 880 medii
305 826 576 897 temperamentum
596 814 697 876 limitis
720 818 842 876 sortitus
860 823 905 878 est
918 815 967 878 illa
983 836 1084 878 nume·

114 921 183 974 rus,
206 905 257 982 qui
273 903 424 982 perlectus
441 902 558 971 dieitur,
581 901 694 961 virtutis
709 899 823 961 seilicet
837 901 1015 970 aemulator,
1038 904 1087 981 qui

116 1005 175 1047 nec¹
203 1004 386 1066 supervacua
412 987 618 1065 progressione
646 986 823 1064 porrigitur,
853 1003 909 1046 nec
935 993 1086 1049 contracta

116 1088 223 1130 rursus
247 1071 443 1131 deminutione
471 1072 643 1139 remittitur,
675 1069 726 1131 sed
756 1070 922 1132 medietatis
950 1071 1086 1133 obtinens
1100 1093 1125 1132 ιο

116 1155 276 1215 terminum
297 1156 359 1216 suis
379 1173 489 1234 aequus
510 1154 645 1235 partibus
662 1172 715 1214 neo
732 1162 880 1215 erassatur
896 1155 1083 1238 abundantia,

113 1257 171 1299 nee
193 1246 260 1316 eget
280 1239 392 1319 inopia,
415 1248 447 1300 ut
468 1240 523 1300 ·Vl‘·
545 1239 592 1301 vel
615 1238 750 1299 ·XXVlll·
795 1239 929 1319 Namque
950 1242 1084 1302 senarius

112 1321 203 1382 habet
227 1332 344 1402 partem
370 1324 512 1394 mediam,
543 1325 573 1385 id
600 1331 643 1384 est
667 1322 741 1392 ·lll·,
770 1333 800 1384 et
825 1327 957 1395 tertiam,
984 1326 1012 1386 id
1041 1333 1084 1386 est

113 1407 160 1467 ·ll·
192 1415 221 1467 et
250 1417 380 1480 sextam,
412 1409 440 1468 id
467 1419 512 1470 est
543 1409 573 1468 ·l·
601 1426 676 1489 quae
706 1410 735 1468 in
765 1426 854 1469 unam
884 1428 1028 1470 summam
1059 1411 1082 1470 si

112 1491 251 1553 redactae
272 1494 331 1552 sint
352 1511 405 1573 par
426 1502 520 1553 toturn
543 1496 660 1555 numeri
681 1510 790 1573 eorpus
805 1494 865 1554 suis
879 1494 1014 1574 partibus
1037 1495 1081 1554 in·
1096 1513 1121 1552 ιι

114 1578 230 1636 venitur
255 1576 390 1638 Ι11111111·
414 1596 485 1637 vero
507 1577 598 1639 habet
618 1575 803 1639 medietatem
823 1578 920 1639 ·Xllll·
944 1589 973 1641 et
993 1581 1082 1660 septi·

112 1679 190 1721 mam
215 1661 286 1721 ·llll·
312 1680 365 1722 nee
382 1670 464 1722 caret
481 1671 600 1742 quarta,
622 1663 651 1741 id
674 1671 717 1722 est
734 1663 821 1732 ·Vll·,
842 1665 973 1743 possidet
994 1681 1082 1741 quar-

111 1755 171 1805 tam
194 1745 339 1806 decimam
363 1746 408 1807 ·ll·
431 1753 461 1807 et
480 1749 633 1826 repperies
655 1749 684 1806 in
707 1766 741 1807 eo
762 1749 930 1809 vicesimam
951 1758 1082 1811 octavam

114 1829 163 1897 ·l·,
187 1848 262 1908 quae
282 1832 313 1888 in
329 1848 422 1890 unum
437 1831 576 1890 redactae
590 1838 684 1892 totum
701 1832 835 1910 partibus
850 1850 959 1912 eorpus
974 1850 1095 1911 aequa·-

111 1913 198 1972 huut.
247 1911 382 1973 ·XXVlll·
401 1915 479 1973 enim
494 1915 610 1974 iunctae
625 1924 725 1992 partes
741 1915 879 1976 eldeient.
1095 1932 1122 1972 ro

1098 670 1110 710 5

338 2102 382 2158 De
396 2105 584 2176 peroratione
599 2105 711 2158 numeri
723 2102 859 2175 perfecti.

175 2248 238 2310 XX.
273 2247 325 2311 Est
346 2258 443 2311 autem
464 2251 495 2309 in
518 2249 562 2310 his
584 2267 701 2329 quoque
724 2267 828 2330 magna
850 2249 1009 2312 similitudo
1023 2253 1081 2314 vir-

111 2335 182 2394 tutis
203 2342 232 2394 et
252 2335 321 2394 vitii.
366 2334 518 2395 Perleotos
534 2337 612 2395 enim
628 2352 770 2396 numeros
791 2344 927 2398 rarenter
942 2339 1079 2409 invenies,

111 2435 223 2496 eosque
238 2417 324 2479 lacile
339 2418 554 2491 numerabiles,
577 2422 686 2500 quippe
708 2423 758 2499 qui
772 2423 859 2501 pauci
874 2422 934 2482 sint
949 2429 977 2482 et
992 2424 1079 2484 nimis

111 2505 257 2564 constanti
273 2503 376 2565 ordine
391 2507 548 2584 procreati.
594 2507 630 2565 tt
651 2523 721 2565 vero
744 2506 966 2586 superfluosae
987 2508 1077 2569 demi·
1092 2524 1117 2564 ιι

182 2726 194 2771 1
214 2723 238 2772 si
256 2739 303 2774 om.
323 2739 347 2773 e.
412 2725 427 2773 2
446 2729 639 2788 nascerentur,
658 2718 741 2776 altero
760 2741 777 2774 n
795 2727 911 2789 traducto,
931 2743 961 2788 a;
980 2742 1078 2778 nasce·

109 2793 220 2852 rentur,
249 2793 331 2841 altero
355 2807 373 2840 n
395 2808 489 2842 rasura
512 2794 610 2855 deleto,
633 2792 662 2854 d;
692 2798 854 2859 noscerent,
884 2799 967 2846 altero
990 2811 1008 2845 ιι
1030 2812 1078 2846 ecr-

106 2865 211 2922 punoto,
230 2874 253 2912 r,
306 2862 321 2910 3
339 2859 463 2924 oinoplee
483 2860 502 2910 f.
525 2856 536 2927 ll
561 2861 626 2912 Post
643 2861 760 2912 dedecus
779 2861 795 2910 d
812 2862 901 2912 habet:
920 2863 1077 2914 deformati.

106 2945 125 2992 4
143 2956 213 2992 suae
227 2946 279 2998 om.
298 2943 318 2997 f.
388 2944 605 3008 nusquamne,
629 2945 661 3008 1),
685 2945 704 2995 f.
774 2947 790 2995 8
811 2945 946 2999 emulator
964 2949 988 3012 f,
1008 2965 1035 3012 r,
1055 2965 1076 3002 s.

108 3012 140 3059 11
161 3011 258 3074 aequis
277 3027 307 3076 ιι,
328 3011 358 3075 1),
379 3025 407 3069 o,
426 3026 448 3066 r.
477 3008 489 3078 ΙΙ
518 3017 663 3078 grassetur
682 3029 713 3075 a,
732 3013 762 3074 b,
783 3028 811 3078 o,
832 3013 861 3076 d,
881 3030 902 3064 r.
972 3016 1077 3067 habun-

107 3077 207 3128 dantia
226 3095 249 3141 o,
269 3078 295 3142 d,
313 3079 334 3131 f.
389 3081 420 3130 13
438 3079 557 3130 mediam
573 3082 714 3146 pertemf.
767 3082 800 3130 14
817 3079 931 3148 duof.l
960 3084 1076 3139 nnumf,

108 3147 141 3196 tn
158 3145 275 3196 reducta
292 3147 324 3206 b,
348 3146 457 3197 redacti
476 3163 499 3198 e.
528 3144 540 3215 ll
569 3164 618 3214 per
637 3165 666 3212 ιι,
685 3165 712 3213 r,
731 3162 752 3202 s.
781 3146 793 3215 ll
824 3156 886 3214 poet
905 3152 1033 3216 partibus
1051 3155 1077 3202 in

106 3214 445 3349 tfidttql‘lttu
468 3217 537 3334 111¹1⁶
547 3215 758 3351 amidlltlllla
770 3221 798 3350 il
818 3218 974 3336 idllmlm
993 3221 1077 3338 ι’ἓξῖ

107 3349 324 3415 a,b,d‚r‚s.
399 3353 431 3401 19
449 3351 565 3402 redacta
584 3368 614 3415 a,
634 3300 671 3416 b?
687 3367 716 3414 e,
737 3351 767 3415 d,
785 3351 810 3416 l,
829 3366 857 3412 r,
877 3366 899 3405 s.
932 3350 944 3419 ΙΙ
978 3367 1076 3418 eorpus

107 3431 155 3469 om.
171 3433 197 3470 o.
265 3419 299 3469 to
316 3417 443 3469 elfioiunt
460 3433 483 3469 s.
524 3445 528 3450 v
553 3422 586 3469 21
608 3419 705 3469 Titulus
722 3420 749 3469 in
765 3421 879 3484 marpine
895 3421 989 3484 lenitur
1006 3423 1033 3469 ιἰι
1051 3419 1075 3470 d.

105 3485 139 3534 23
158 3489 285 3537 roranter
302 3493 444 3537 correctum
462 3490 488 3536 in
507 3490 631 3537 rarenter
650 3502 674 3536 a.
745 3488 778 3536 24
797 3491 860 3535 rrmt
879 3485 901 3542 l,
921 3501 946 3548 r,
967 3501 988 3535 s.
