2392 3922
146 121 185 184 10
451 122 546 174 INST.
564 122 716 174 ARITHM.
736 125 764 184 1,
784 126 808 174 1.

144 293 180 354 ad
196 291 413 372 intellegentiae
433 293 560 353 certiora
581 293 762 371 perducitur.
809 293 883 353 Sunt
899 294 977 353 enim
994 296 1116 372 quinam

143 377 253 456 gradus
289 385 446 455 certaeque
479 379 721 456 progressionum
753 378 967 446 dimensiones,
1005 379 1117 457 quibus

144 461 264 524 ascendi
285 462 483 541 progredique
504 464 609 539 possit,
632 471 664 522 ut
685 463 774 523 animi
791 460 874 522 illum
892 462 1026 532 oculum,
1050 467 1114 542 qui,

144 557 176 607 ut
196 548 236 607 ait
250 545 347 616 Plato,
368 546 467 606 multis
489 546 584 607 oculis
605 545 811 624 corporalibus
833 545 939 606 salvari
961 549 1115 607 constitui·

118 651 201 710 sque
222 632 260 692 sit
281 631 412 708 dignior,
435 631 512 708 quod
535 650 570 690 eo
590 630 653 692 solo
668 630 780 691 lumino
796 632 932 706 vestigari
947 630 993 690 vel
1007 632 1116 709 inspici

144 717 251 777 veritas
273 723 375 792 queat,
397 716 476 776 huno
499 717 620 793 inquam
641 714 758 776 oculum
774 715 944 776 demersum
961 715 1114 776 orbatum·

144 819 200 880 que
215 802 368 878 corporeis
384 799 520 860 sensibus
535 799 590 859 hae
606 799 776 878 disciplinae
797 817 902 860 rursus
923 798 1112 862 inluminent.

143 886 224 956 Quae
251 886 342 962 igitur
369 903 405 944 ex
434 883 514 944 hisce
535 885 631 961 prima
653 883 791 944 discenda
815 893 858 944 est
880 885 937 943 nisi
958 902 1007 953 ea,
1037 902 1114 964 quae

142 970 321 1048 principIum
347 968 507 1047 matrisque
536 967 753 1045 quodammodo
785 967 821 1028 ad
850 977 964 1028 ceteras
1000 968 1115 1029 obtinet

105 1073 130 1112 10
143 1054 330 1133 portionem?
374 1052 454 1112 Haec
484 1061 528 1112 est
557 1061 655 1112 autem
685 1052 878 1112 arithmetica.
923 1053 1003 1112 Haeo
1034 1055 1113 1114 enim

143 1139 259 1198 cunctis
279 1138 361 1216 prior
384 1144 446 1204 est,
469 1155 530 1197 non
551 1137 639 1196 modo
660 1138 738 1214 quod
759 1137 837 1196 hane
858 1134 906 1197 ille
922 1137 1010 1198 huius
1025 1155 1112 1198 mun·

143 1222 237 1282 danae
257 1220 343 1281 molis
363 1220 498 1281 conditor
520 1222 592 1281 deus
607 1223 734 1300 primam
749 1239 820 1281 suae
835 1221 938 1281 habuit
952 1223 1112 1282 ratiocina-

142 1307 230 1366 tionis
252 1303 402 1382 exemplar
422 1313 450 1366 et
466 1305 501 1365 ad
517 1306 595 1366 hano
611 1313 716 1366 cuneta
732 1305 895 1374 constituit,
918 1322 1112 1385 quaecuuque

142 1389 307 1451 fabricante
328 1391 443 1451 ratione
458 1408 512 1469 per
528 1408 669 1451 numeros
685 1389 829 1467 adsignati
844 1389 956 1450 ordinis
971 1391 1112 1452 invenere

106 1491 131 1532 15
144 1475 342 1544 concordiam,
359 1473 410 1534 sed
426 1475 484 1535 hoo
498 1493 618 1554 quoque
633 1475 716 1552 prior
731 1474 914 1535 arithmetica
934 1474 1110 1545 declaratur,

143 1559 237 1638 quod,
260 1576 455 1637 quaecunque
476 1568 581 1620 natura
603 1562 703 1638 priora
719 1568 803 1628 sunt,
824 1558 870 1620 his
886 1558 1009 1619 sublatis
1025 1559 1111 1620 simul

141 1645 307 1722 posteriora
322 1641 480 1712 tolluntur;
505 1642 583 1721 quod
605 1647 630 1704 si
645 1645 810 1723 posteriora
826 1651 963 1722 pereant,
986 1643 1059 1703 nihil
1075 1644 1111 1705 de

142 1735 222 1788 statu
241 1729 350 1806 prioris
371 1727 552 1789 substantiae
574 1735 775 1808 permutatur,
798 1736 831 1788 ut
845 1726 954 1788 animal
969 1728 1050 1805 prius
1067 1737 1112 1788 est

142 1811 272 1873 homine.
318 1813 391 1874 Nam
414 1814 439 1872 si
460 1811 547 1874 tollas
568 1811 690 1880 animal,
719 1813 816 1872 statim
838 1830 957 1890 quoque
981 1812 1112 1872 hominis

104 1915 129 1955 so
142 1905 246 1959 natura
263 1895 358 1958 deleta
374 1899 427 1963 sit,
450 1897 474 1958 si
489 1897 640 1958 hominem
656 1895 823 1964 sustuleris,
841 1895 948 1957 animal
966 1913 1025 1956 non
1041 1915 1111 1975 per·

141 1981 205 2043 ibit.
251 1982 288 2042 Et
310 1983 498 2042 econtrario
525 2000 558 2043 ea
585 1999 705 2060 semper
729 1981 896 2059 posteriora
922 1989 1005 2050 sunt,
1035 2000 1111 2059 quae

141 2085 243 2128 secum
271 2066 350 2127 aliud
378 2064 532 2145 quodlibet
557 2067 703 2133 inierunt,
735 2083 768 2126 ea
796 2066 908 2143 priora,
941 2082 1016 2142 quae
1042 2084 1112 2126 curn

142 2151 218 2212 dicta
244 2161 326 2220 sunt,
355 2149 428 2210 nihil
454 2168 554 2210 secum
576 2151 613 2210 de
633 2149 847 2228 posterioribus
868 2147 1002 2218 trahunt,
1031 2152 1111 2210 utin

142 2235 247 2295 eodem
268 2251 385 2313 quoque
404 2234 533 2293 homine.
579 2235 652 2295 Nam
669 2237 694 2295 si
709 2235 860 2294 bominem
876 2233 999 2301 dixeris,
1022 2234 1111 2294 simul

103 2333 128 2372 ss
143 2335 260 2394 quoque
287 2319 395 2378 animal
412 2317 591 2388 nominabis,
622 2318 700 2380 idem
724 2326 768 2380 est
791 2319 869 2378 enim
892 2317 997 2388 homo,
1030 2317 1111 2394 quod

143 2400 266 2470 animal;
287 2402 312 2460 si
327 2399 435 2461 animal
452 2402 575 2472 dixeris,
598 2421 656 2463 non
673 2403 801 2480 speciem
818 2401 906 2462 simul
921 2401 1050 2462 hominis
1065 2405 1110 2462 in-

141 2485 249 2556 tulisti,
266 2503 325 2546 uon
341 2493 386 2546 est
401 2487 480 2546 euim
496 2487 574 2547 idem
592 2486 708 2556 animal,
726 2486 804 2564 quod
821 2487 919 2547 homo.
953 2485 1016 2546 lloc
1031 2487 1111 2548 ldem

142 2572 172 2630 in
188 2572 351 2648 geometria
371 2569 416 2630 vel
437 2570 623 2632 arithmetica
644 2572 759 2633 videtur
774 2573 938 2633 incurrere.
984 2571 1015 2632 Si
1031 2573 1110 2632 enim

142 2672 284 2716 numeros
298 2653 399 2722 tollas,
422 2656 501 2716 unde
516 2655 695 2734 triangulum
713 2656 756 2719 vel
773 2656 948 2734 quadratum
964 2655 1009 2716 vel
1024 2659 1109 2732 quic-

103 2755 128 2795 eo
142 2739 212 2815 quid
232 2741 262 2798 in
279 2741 440 2817 geometria
456 2747 604 2814 versatur,
626 2759 703 2818 quae
724 2742 822 2801 omnia
844 2758 1038 2800 numerorum
1059 2741 1110 2800 de-

210 2975 441 3039 lproduciturc.
495 2978 579 3027 leae
599 2992 628 3039 a,
649 2976 675 3029 b.
687 2973 699 3040 ΙΙ
716 2991 820 3026 rursum
834 2992 859 3035 a,
872 2977 898 3038 d,
913 2976 934 3040 f,
946 2975 964 3025 l.
1017 2978 1111 3040 8poct

141 3043 183 3092 his
201 3044 303 3092 lituram
320 3044 395 3094 lubet
408 3059 437 3106 a,
460 3060 542 3108 supro
559 3060 656 3094 versum
675 3043 711 3093 sl.
732 3059 765 3094 ex
784 3044 828 3093 his
840 3044 872 3107 b,
891 3044 935 3093 his
953 3045 987 3097 c‘e
1007 3061 1035 3108 c,
1056 3045 1106 3094 bis·

141 3125 190 3159 eae
208 3110 234 3162 d.
302 3112 430 3163 10Haeo
448 3127 494 3161 om.
514 3127 538 3162 c.
610 3113 640 3161 ll
659 3111 733 3176 prior
752 3115 860 3161 eunctis
879 3127 902 3162 c.
974 3115 1006 3164 tn
1024 3113 1110 3163 ratio-

141 3177 263 3228 nationis
282 3193 303 3228 s.
357 3181 388 3230 17
406 3180 561 3244 posteriora
580 3178 714 3229 tolluntur
731 3180 813 3230 simul
830 3180 849 3230 l.
903 3184 932 3230 et
944 3181 1016 3246 quod
1030 3181 1051 3244 f,
1065 3179 1083 3229 l.
1096 3177 1108 3244 ll

139 3246 295 3309 posteriore
312 3247 336 3297 si
354 3247 374 3296 f.
411 3247 435 3296 si
452 3248 620 3311 posteriores
639 3262 661 3299 s.
731 3249 764 3298 23
783 3249 839 3298 sint
858 3262 881 3308 e,
900 3248 920 3307 f,
940 3265 965 3298 s.
1034 3249 1067 3298 26
1086 3250 1111 3298 si

141 3312 246 3362 animal
264 3328 371 3378 quoque
389 3314 491 3365 dixeris
508 3315 534 3364 b.
600 3316 633 3365 28
651 3316 821 3379 geometrica
841 3331 869 3378 a,
889 3331 917 3377 o,
938 3317 968 3378 d,
989 3317 1013 3377 f,
1034 3332 1061 3378 r,
1082 3331 1108 3377 s;

139 3379 193 3497 ίᾶιῙΙ
212 3395 227 3430 c
244 3397 338 3432 rasura
355 3384 471 3435 deletum.
533 3382 566 3432 30
584 3383 755 3445 geometrica
773 3400 799 3445 o,
818 3399 841 3446 c,
861 3381 891 3441 d;
909 3385 936 3432 in
954 3383 963 3433 l
983 3400 997 3433 c
1016 3399 1110 3434 rasura

158 3455 254 3498 ectum.
