2392 3922
369 123 631 178 metalemsin.
650 125 678 184 Ι,
698 125 739 176 to.
1003 123 1043 188 31

73 296 189 356 narium
218 295 264 355 ·ll·
290 311 351 354 non
377 300 552 361 numerant,
583 292 708 367 idcirco,
738 295 877 370 quoniam
906 295 931 355 si
965 293 1044 356 solos

72 381 148 441 duos
165 388 267 440 contra
285 378 343 439 ·lll·
360 396 526 457 compares,
544 377 699 454 pauciores
715 385 797 446 sunt,
814 379 858 437 sin
874 397 945 438 vero
961 378 1043 440 bina·

72 467 149 524 rium
170 463 215 524 bis
234 465 338 530 saclas,
361 462 487 541 amplior
504 466 549 522 est
569 460 677 530 tribus,
705 479 772 521 cum
788 464 894 522 crescit
915 464 946 522 in
969 463 1040 524 -llll·

72 549 192 609 Metitur
209 557 307 610 autem
322 565 467 608 numerus
484 562 658 616 numerum,
681 545 816 622 quotiens
831 545 876 606 rel
891 546 982 607 semel
998 547 1042 608 vel

72 632 118 694 bis
148 632 192 694 vel
221 633 309 694 tertio
339 630 386 692 vel
417 627 628 708 quotienslibet
657 647 799 690 numerus
825 629 1042 692 adnumerum
1068 646 1081 686 s

71 725 264 794 comparatus
280 735 379 794 neque
396 715 546 775 deminuta
555 721 680 774 'sunrma
696 731 793 792 neque
808 719 893 774 aucta
910 715 946 774 ad
963 733 1042 775 com·

71 804 167 879 parati
189 801 307 861 numeri
328 800 488 859 terminum
509 815 602 876 usque
628 800 813 877 pervenerit,
842 805 874 858 ut
896 797 941 858 ll·
963 800 988 859 si
1008 799 1045 858 ad

74 886 129 946 ·Vl·
152 902 325 961 compares,
346 882 478 944 binarius
497 899 639 944 numerus
660 883 811 944 senarium
833 882 921 943 tertio
943 884 1044 943 metie-

72 978 132 1028 tur.
177 970 294 1028 Primos
308 965 387 1047 {ergo
412 975 441 1028 et
460 969 673 1046 incompositos
698 965 797 1028 nullus
816 983 961 1028 numerus
981 985 1044 1026 rne-

74 1054 163 1112 tietur
179 1059 297 1130 praeter
312 1053 450 1113 unitatem
466 1051 573 1126 solam,
597 1052 735 1130 quoniam
753 1069 788 1112 61
804 1050 893 1112 nullis
909 1051 979 1116 aliis
989 1069 1042 1111 nu·
1057 1068 1082 1106 10

74 1138 165 1197 meris
187 1137 340 1213 compositi
353 1145 435 1206 sunt,
458 1137 511 1197 sed
527 1143 641 1196 tantum
664 1155 699 1197 ex
721 1135 882 1197 unitatibus
903 1137 935 1197 in
950 1143 1045 1197 semet

70 1221 143 1298 ipsis
161 1222 255 1281 auctis
269 1220 527 1300 multiplicatisque
542 1228 749 1299 procreantur.
794 1221 854 1282 'l'er
869 1222 949 1282 enim
965 1239 1043 1282 unus

72 1305 130 1365 ·lll·
155 1313 184 1364 et
204 1306 359 1384 quinquies
381 1323 458 1365 unus
475 1307 518 1366 ·V·
537 1312 566 1366 et
586 1308 694 1384 septies
717 1323 794 1366 unus
810 1305 880 1366 ·Vll·
897 1305 1040 1375 lecerunt,

70 1399 98 1450 et
119 1388 168 1450 alii
188 1389 322 1468 quidem,
350 1408 426 1468 quos
448 1408 538 1469 supra
565 1391 790 1469 descripsimus,
822 1389 925 1452 eodem
952 1390 1041 1451 modo

69 1482 240 1534 nascuntur.
285 1473 323 1534 lli
344 1483 443 1536 autem
464 1474 495 1535 in
516 1481 610 1536 semet
631 1476 713 1554 ipsos
728 1473 914 1554 multiplicati
930 1474 1041 1535 iaciunt
1053 1489 1078 1527 1⁵

69 1558 141 1619 alios
167 1576 309 1621 numeros
333 1558 414 1620 velut
436 1561 539 1638 primi,
567 1577 676 1639 eosque
699 1561 824 1638 primam
847 1577 950 1620 rerum
971 1559 1041 1619 sub·

69 1645 206 1705 stantiam
234 1646 353 1722 vimque
380 1644 501 1704 sortitos
524 1650 701 1705 cunctorum
723 1662 739 1704 a
759 1662 792 1706 se
816 1650 1041 1721 procreatorum

70 1727 148 1788 velut
162 1729 306 1807 quaedam
323 1728 468 1790 elementa
484 1730 651 1807 repperies,
674 1731 742 1808 quia
759 1727 872 1788 scilicet
887 1731 1041 1806 incompo-

68 1814 116 1873 siti
146 1819 214 1872 sunt
243 1822 272 1872 61
301 1811 429 1890 simplici
457 1815 648 1889 generatione
675 1813 793 1873 lormati
819 1821 906 1890 atque
934 1814 964 1872 in
990 1829 1041 1872 eos

69 1914 188 1964 omnes,
219 1897 387 1973 quicunque
418 1915 454 1955 ex
483 1897 529 1957 his
558 1896 663 1974 prolati
689 1904 758 1956 sunt
787 1898 918 1965 numeri,
950 1894 1080 1954 rosel-20

71 1987 197 2045 vuntur,
228 1979 284 2054 ipsi
308 1996 377 2038 vero
399 1997 495 2056 neque
522 1997 558 2039 cx
584 1978 647 2039 aliis
667 1980 874 2057 producuntur
896 1996 993 2056 neque
1013 1980 1042 2038 in

70 2062 146 2123 alios
161 2062 356 2122 reducuntur.

351 2253 395 2309 ne
410 2255 538 2309 secundo
554 2259 581 2308 et
596 2256 760 2324 composito.

133 2400 191 2461 XV.
237 2400 392 2461 Secundus
408 2419 478 2461 vero
497 2409 525 2461 et
541 2401 722 2480 compositus
737 2402 844 2480 etipse
860 2400 980 2479 quidem
995 2402 1040 2460 in·

68 2504 122 2565 par
139 2492 196 2555 est,
215 2491 374 2564 propterea
391 2485 469 2564 quod
486 2484 589 2545 eadem
606 2487 715 2565 inparis
729 2488 911 2565 proprietate
928 2485 1036 2546 1611116-
1051 2502 1076 2542 es

68 2580 115 2631 tus
132 2578 196 2638 est,
212 2569 264 2629 sed
286 2568 397 2630 nullam
414 2571 445 2630 in
461 2589 493 2630 se
509 2571 616 2630 retinet
631 2569 825 2631 substantiam
843 2570 1039 2649 principalem

68 2655 308 2735 compositusque
330 2662 374 2715 est
396 2673 431 2715 ex
452 2653 515 2715 aliis
536 2656 667 2715 numeris
689 2653 836 2732 habetque
858 2663 957 2734 partes
979 2663 1039 2716 eta

68 2757 101 2799 se
122 2740 187 2820 ipso
209 2745 237 2799 et
258 2738 294 2799 ab
313 2738 410 2800 alieno
427 2737 570 2800 vocabulo
587 2738 804 2808 denominatam
826 2740 877 2800 sed
894 2757 909 2800 a
926 2756 958 2801 se
974 2741 1038 2818 ipso

69 2824 288 2884 denominatam
310 2832 426 2902 partem
447 2823 540 2886 solam
560 2841 678 2903 semper
700 2824 729 2884 in
746 2825 791 2885 his
807 2825 960 2904 repperies
976 2824 1039 2884 uni-

68 2916 174 2976 tatem,
206 2907 242 2968 ab
269 2907 365 2969 alieno
391 2925 462 2969 vero
483 2907 626 2969 vocabulo
648 2907 694 2968 vel
717 2927 805 2970 unam
829 2908 875 2970 vel
896 2906 1077 2986 quotlibetso

136 3112 256 3162 lduof.
314 3114 404 3162 21166
417 3112 438 3162 f.
496 3112 740 3178 aquattuord,f.
798 3111 960 3245 'iprovenit
974 3126 1000 3175 6,
1015 3126 1038 3169 6,

67 3179 98 3242 d,
118 3180 137 3230 l.
171 3175 183 3246 ΙΙ
217 3179 269 3230 duo
288 3180 307 3229 f.
384 3181 571 3232 8metiturf.
648 3182 680 3231 13
704 3185 760 3230 tres
784 3180 803 3229 f.
874 3180 994 3244 quinque
1018 3178 1038 3227 f.

67 3250 99 3298 14
118 3246 189 3298 alios
208 3263 232 3298 6.
285 3248 317 3297 16
334 3248 424 3313 prima
442 3264 468 3301 a.
522 3250 736 3300 1766661116.
791 3248 823 3297 18
842 3247 951 3298 scilicet
970 3252 998 3297 61
1013 3261 1038 3302 e,

66 3317 98 3376 b,
117 3314 135 3364 l.
202 3317 234 3365 22
254 3315 515 3380 aliaa‚b‚d‚f,l.
546 3312 558 3381 ΙΙ
587 3315 765 3366 recluduntur
783 3330 807 3365 6.
877 3316 910 3364 25
930 3314 996 3377 quia
1016 3327 1039 3362 6.

66 3383 177 3434 28-30
198 3383 391 3435 denominatas
508 3383 646 3434 vocabulo
674 3386 700 3433 in
723 3384 836 3446 morpine
857 3383 993 3446 superiore
1016 3393 1037 3427 r.

67 3451 100 3501 29
118 3452 229 3516 reperio
247 3452 274 3505 b.
344 3454 377 3502 30
395 3456 503 3502 attemrm
525 3451 570 3502 vel
592 3467 639 3501 om.
660 3465 682 3499 c.
712 3447 724 3517 ΙΙ
754 3447 898 3513 quodlibet
917 3463 949 3510 c,
968 3447 998 3508 d,
1017 3460 1037 3493 r.
