2392 3922
288 128 307 173 Φ
408 135 778 199 11111.11111111.1,11
1036 129 1076 194 21

112 309 274 372 cxxviii·
291 325 405 368 summa
421 310 610 372 concrescet,
628 311 715 381 atque
730 303 761 362 hi
775 305 908 373 numeri,
925 304 975 380 qui
990 319 1080 379 super

111 395 232 456 cosdem
248 403 326 462 sunt,
346 393 371 453 si
386 388 630 468 multiplicentur,
647 386 725 448 idem
741 388 860 448 iaciunt.
877 388 952 450 Nam
970 387 1041 448 ·llll·
1052 396 1080 448 et

112 477 248 545 ·Xllel·,
261 479 290 539 in
304 478 367 538 sesi
380 472 558 552 multiplices
570 490 658 549 supra
671 471 780 532 dictam
792 471 900 532 sacient
911 475 1079 533 extremita-

110 575 180 624 tem.
209 562 291 624 ·llll·
309 563 387 623 enim
408 559 509 620 tricies
530 564 560 616 et
578 555 640 624 bis,
668 555 713 616 vel
734 563 838 632 quater
860 556 983 618 1111111·
1001 557 1080 617 ducti

112 646 271 708 dxxviii·
303 641 468 707 inmutabili
492 642 668 702 necessitate
689 639 885 718 couplebunt,
917 649 1004 718 atque
1023 642 1106 702 hocs

111 750 204 812 usque
221 732 256 792 ad
274 731 424 791 extremos
446 726 589 786 terminos
605 725 696 794 cadit,
719 724 749 783 id
766 734 810 785 est
827 724 858 785 ·l·
877 732 906 785 et
922 724 1078 786 cxxviii·

110 815 209 878 Semel
227 815 306 876 enim
324 823 475 874 extremus
491 812 632 871 terminus
650 809 808 870 -CXXVlll
833 819 890 877 est;
914 811 1025 869 centies
1040 811 1079 868 vi·
1141 826 1158 852 =

112 901 173 960 cies
189 909 278 977 atque
294 899 386 957 octies
402 896 511 956 unitate
525 893 717 972 multiplicata
732 893 806 954 nibil
822 894 859 954 de
874 895 975 971 priore
991 873 1082 970 quaxn·

112 987 195 1043 titate
214 980 386 1042 mutabitur.

200 1067 229 1126 Si
245 1072 343 1126 autem
357 1067 476 1143 inpares
498 1065 610 1125 luerint
626 1063 850 1142 dispositiones,
875 1081 951 1123 unus
967 1061 1082 1122 medius
1096 1077 1121 1116 io

113 1152 259 1211 terminus
273 1150 429 1216 invenitur,
446 1155 536 1228 atquc
552 1150 617 1228 ipse
633 1147 689 1207 sibi
705 1149 824 1227 propria
838 1146 1083 1226 multiplicatione

109 1235 279 1314 respondet.
310 1234 343 1293 ln
361 1250 542 1311 nonamque
564 1233 669 1293 ordina
685 1251 895 1301 numerorum,
919 1231 969 1292 ubi
985 1240 1082 1292 extre·

109 1338 177 1380 mus
193 1321 335 1380 terminus
353 1317 474 1379 ·Lllllll·
491 1316 660 1396 pluralitate
676 1316 873 1387 concluditur,
889 1317 951 1378 sola
966 1317 1081 1377 inueni-

110 1410 158 1464 tur
180 1423 237 1464 una
258 1403 415 1471 medietas,
438 1403 465 1462 id
484 1401 650 1469 estonll·,
674 1420 760 1481 quam
782 1404 806 1461 si
822 1403 914 1463 octies
935 1402 965 1462 id
987 1411 1031 1462 cst
1051 1402 1081 1460 in

109 1499 202 1549 semet
223 1488 318 1567 ipsum
340 1486 520 1565 multiplices
543 1485 677 1547 ·LXllll·
701 1485 872 1565 explicabit,
893 1494 982 1567 atque
1003 1488 1080 1546 idem
1095 1499 1120 1540 u

107 1573 236 1633 reddent
249 1571 306 1642 illi,
330 1573 382 1652 qui
408 1589 497 1650 super
519 1571 596 1631 hanc
613 1571 800 1644 medietatem
816 1579 898 1640 sunt,
922 1579 954 1633 ut
969 1570 1082 1631 dudum

108 1657 154 1726 hi,
178 1658 229 1736 qui
251 1675 340 1736 snper
363 1655 435 1716 duas
456 1657 559 1734 positi,
581 1655 736 1717 iaciebant.
773 1656 848 1716 Nam
870 1665 975 1734 quater
997 1655 1080 1716 ·XVl·

110 1741 234 1803 ·LXllll·
252 1749 321 1802 sunt
337 1749 365 1800 et
379 1739 511 1802 sedecies
529 1740 600 1800 ·llll·
624 1741 702 1800 idem
719 1739 867 1819 conplent.
898 1739 1013 1802 Rursus
1037 1740 1082 1800 bis

110 1825 236 1886 ·XXXll·
264 1826 336 1884 lacti
365 1843 382 1884 a
410 1824 545 1884 ·LXllll·
573 1841 634 1882 non
661 1824 829 1893 discedunt,
858 1833 886 1885 et
911 1826 1010 1885 tricies
1035 1823 1081 1884 bis

112 1909 157 1969 ·ll·
176 1909 296 1968 eosdem
313 1906 480 1974 cumulant,
498 1919 526 1967 et
546 1906 638 1967 semel
661 1906 794 1967 ·LXllll·
817 1907 864 1968 vel
885 1910 983 1968 unitas
998 1925 1081 1968 sexa·
1097 1923 1123 1962 no

111 1993 173 2070 gies
190 1999 294 2070 quater
308 1988 502 2069 multiplicata
520 1990 645 2050 eundern
662 2008 820 2050 numerum
837 1992 900 2050 sine
916 1990 974 2050 ulla
991 1993 1083 2050 varie·

110 2084 171 2136 tate
186 2078 354 2136 restituent.

186 2233 230 2288 De
246 2247 365 2288 numero
380 2233 503 2303 puriter
517 2233 619 2302 inpari
633 2232 752 2303 eiusque
765 2233 1004 2302 proprietatibus

194 2363 230 2422 Χ.
264 2361 378 2422 Pariter
406 2369 503 2422 autem
525 2363 611 2441 inpar
632 2378 775 2423 uumerus
802 2372 859 2433 est,
888 2365 937 2442 qui
964 2373 992 2425 et
1018 2365 1082 2444 ipse

109 2447 231 2526 quidem
247 2448 379 2526 paritatis
395 2454 534 2507 naturam
551 2445 807 2524 substantiamque
823 2450 943 2509 sortitus
959 2456 1011 2518 est,
1028 2447 1080 2510 sed
1095 2459 1121 2501 2⁵

108 2533 138 2592 in
155 2531 303 2592 contraria
320 2531 462 2591 divisione
484 2537 608 2592 naturae
629 2534 746 2592 numeri
767 2535 879 2613 pariter
894 2535 974 2614 paris
990 2533 1083 2614 obpo-

176 2683 239 2733 3in
257 2697 319 2733 sese
342 2690 401 2733 onte
419 2683 448 2731 in
467 2697 502 2732 ecc
519 2697 588 2732 corr.
614 2683 639 2732 si
656 2686 747 2735 addito
767 2700 796 2743 a,
815 2686 844 2735 in
863 2700 892 2735 sc
907 2701 934 2746 c,
955 2686 1029 2735 inse
1042 2700 1082 2749 se,

107 2753 191 2801 altero
208 2765 238 2800 se
256 2752 282 2801 io
301 2751 325 2800 si
343 2757 472 2809 correcto,
496 2749 521 2799 d.
556 2751 573 2798 4
592 2756 709 2813 quatuor
727 2752 748 2806 f.
771 2747 783 2818 ss
806 2753 850 2804 bis
872 2755 899 2803 io
916 2755 1038 2818 marpine,
1055 2756 1082 2803 in

107 2825 231 2869 contextu
248 2818 410 2881 secundum,
429 2819 478 2868 aed
494 2818 561 2867 linea
578 2818 736 2870 subnotatum
758 2835 790 2885 a,
816 2821 936 2872 secundo
960 2830 986 2872 et
1001 2837 1082 2886 supro

107 2919 207 2954 uersam
220 2902 262 2953 bis
275 2902 300 2963 (1,
314 2902 367 2954 duo
380 2909 406 2954 et
417 2917 499 2966 supra
510 2916 608 2952 versum
626 2903 747 2955 secundo
760 2920 783 2969 r,
797 2890 937 2972 1111-[11
957 2905 1080 2956 -xxxn-

107 2992 209 3054 quater
227 3003 251 3041 s.
339 2985 572 3052 dimplebunta,
659 2989 927 3053 1411111111.
1019 2994 1082 3040 octo

107 3073 139 3120 a,
157 3057 189 3119 1,
208 3055 233 3117 l,
251 3071 273 3108 r.
295 3052 308 3123 ΙΙ
332 3057 357 3107 si
376 3051 477 3122 octies]
499 3055 602 3118 socies,
622 3056 699 3106 litora
717 3058 813 3108 intere
831 3065 886 3109 ets
908 3059 1082 3108 intercedente

107 3124 139 3186 (1,
165 3125 190 3174 si
208 3124 299 3175 occiso
318 3140 339 3175 r.
415 3126 446 3174 17
462 3129 524 3187 post
543 3122 688 3174 foetebant
711 3127 786 3176 addit
804 3140 937 3175 summam
955 3141 1082 3175 numero-

105 3193 199 3242 sitatis
218 3195 356 3244 extremue
375 3208 407 3254 a,
430 3191 457 3240 in
476 3205 489 3240 1
508 3190 570 3240 daec
587 3191 614 3240 in
631 3195 744 3257 marpine
762 3197 886 3260 leputatur.
958 3191 1081 3243 181111-

106 3260 159 3309 cim
178 3259 209 3323 (1,
229 3260 249 3310 1.
276 3256 289 3326 ΙΙ
314 3263 412 3326 quater
430 3274 461 3320 a,
481 3262 611 3322 quattuor
629 3259 654 3318 (1,
673 3275 694 3310 r.
748 3263 781 3312 20
800 3260 853 3311 duo
872 3260 898 3322 d,
913 3259 931 3312 f.
984 3263 1081 3311 23111-

104 3342 180 3377 mero
203 3343 250 3381 om.
270 3327 336 3391 (1,1.
365 3323 377 3393 ΙΙ
405 3327 520 3390 eiusque
543 3327 763 3391 proprietatibus
787 3344 834 3379 orn.
859 3326 885 3379 (1.
915 3323 927 3393 ΙΙ
956 3331 984 3378 et
1007 3329 1079 3377 eius·

105 3394 168 3445 dem
186 3410 208 3445 s.
282 3398 316 3446 24
337 3395 419 3461 inpar
442 3398 535 3445 autem
558 3393 589 3455 (1,
610 3393 633 3459 1,
651 3410 673 3446 1.
745 3398 777 3447 21
803 3399 846 3446 est
865 3403 927 3458 post
949 3393 1081 3460 paritatis

106 3471 207 3528 ponunt
230 3463 262 3527 b,
282 3461 350 3527 (1,1.
