2392 3922
164 141 226 205 122
452 142 545 206 insu.
564 142 718 204 susurru.
737 143 778 206 11,
800 145 841 195 ar.

165 314 277 373 moveri
299 311 446 389 coeperat.
498 311 612 389 Sphera
633 329 703 372 vero
725 319 769 370 est
794 311 972 372 semicirculi
994 322 1130 374 manente

165 398 307 457 diametro
323 396 535 457 circumductio
553 395 632 456 etad
650 396 776 455 eundem
789 395 885 455 locum
899 399 1038 466 reversio,
1055 399 1133 458 unde

164 483 248 558 prius
269 490 408 558 coeperat
430 481 510 540 lerri.
557 480 656 541 Unitas
677 497 795 558 quoque
817 481 923 540 virtute
945 489 973 540 et
989 489 1133 561 potestate

165 567 227 644 ipsa
244 582 362 643 quoque
378 564 505 626 circulus
520 563 565 625 vel
581 565 690 644 sphera
707 572 759 623 est.
805 562 947 635 Quotiens
962 568 1041 626 enim
1057 585 1132 644 pun·

139 659 152 701 5
166 657 244 709 ctum
257 649 288 709 in
301 667 333 709 se
345 647 595 728 multiplicaveris,
612 650 641 708 in
653 666 685 708 se
697 648 803 726 ipsum
818 649 896 708 unde
910 658 1057 726 coeperat,
1073 659 1132 710 ter-

164 733 304 794 minatur.
351 733 380 794 Si
397 736 475 793 enim
491 733 578 793 iaciat
593 731 684 790 semel
700 750 807 802 unum,
830 750 906 804 unus
922 732 1013 803 redit,
1037 735 1060 793 si
1077 734 1134 792 hoc

165 816 266 886 semel,
282 816 360 877 idem
378 825 429 886 est,
447 824 476 876 et
491 819 515 876 si
530 817 586 875 hoc
599 833 704 876 rursus
714 815 814 885 semel,
830 817 907 876 idem
921 825 973 876 est.
1005 817 1096 895 Igitur
1109 819 1134 876 si

165 919 222 962 una
244 902 333 961 luerit
353 900 571 979 multiplicatio,
596 899 687 960 solam
711 899 925 975 planitudinem
946 901 1043 961 reddit
1059 910 1086 962 et
1101 902 1133 961 fit

165 983 307 1055 circulus,
328 987 353 1044 si
374 985 519 1054 secunda,
537 1002 604 1044 mox
621 984 727 1061 sphera
744 985 907 1044 coniicitur.
952 985 1069 1045 Etenim
1086 1004 1132 1044 se·

126 1081 152 1120 10
166 1069 261 1130 cunda
277 1068 481 1148 multiplicatio
497 1069 628 1129 effectrix
644 1086 763 1146 semper
780 1063 1056 1146 est'prolunditatis.
1090 1071 1133 1130 Ex

167 1156 208 1215 ·V·
231 1154 320 1230 igitur
336 1162 364 1213 et
382 1153 436 1214 ·Vl·
458 1170 568 1231 paucas
583 1151 751 1213 huiusmodi
766 1151 877 1212 iormas
892 1151 1131 1231 subscripsimus

340 1255 361 1314 1.
448 1256 480 1313 v.
671 1253 729 1315 vr.

339 1355 360 1415 1.
448 1355 533 1416 xxv.
684 1354 808 1414 xxxvi.

338 1456 360 1517 1.
450 1455 557 1516 cxxv.
685 1454 803 1515 ccxvi.

338 1557 360 1618 1.
449 1557 582 1618 dcxxv.
675 1540 838 1615 icoxcvr.

339 1658 360 1717 1.
443 1644 596 1720 mcxxv.
683 1641 742 1716 iri.
757 1655 951 1717 ncorixxvr.

161 1830 205 1887 De
226 1845 260 1886 eo
276 1837 385 1887 notura
401 1846 513 1895 rerum,
536 1845 613 1904 quoe
628 1830 735 1886 dicitur
751 1830 875 1886 eiusdem
890 1837 1029 1900 naturae,
1054 1839 1081 1886 ei
1096 1832 1131 1886 de

162 1930 211 1985 eo,
234 1931 309 1988 quoe
330 1917 437 1972 dicitur
457 1919 579 1973 alterius
599 1920 726 1970 naturae
748 1920 776 1967 et
790 1916 840 1986 qui
854 1917 968 1970 numeri
982 1918 1031 1970 cui
1044 1922 1130 1970 rictu·

497 2017 551 2058 rae
567 1999 714 2056 conv‘uncti
727 2000 793 2053 sint.

123 2121 148 2162 ²⁰
225 2113 325 2174 XXXl.
370 2117 411 2174 Ac
428 2114 465 2175 de
480 2114 580 2176 solidis
595 2113 713 2193 quidem
729 2111 832 2190 liguris
848 2112 922 2172 haec
937 2111 972 2171 ad
987 2129 1131 2189 praesens

164 2197 239 2258 dicta
262 2197 416 2258 sufficiant.
463 2196 519 2267 Qui
541 2207 638 2260 autem
659 2196 696 2258 de
716 2205 821 2256 natura
840 2213 941 2256 rerum
956 2197 1131 2276 propinquis

162 2283 370 2358 investigantes
401 2280 580 2352 rationibus,
600 2283 722 2360 ¹quique
753 2281 783 2340 in
807 2280 973 2340 matheseos
999 2279 1130 2360 disputa·

165 2367 244 2426 tione
259 2366 381 2434 versati,
404 2365 473 2443 quid
489 2367 518 2426 in
535 2383 651 2442 quaque
666 2383 700 2425 re
716 2371 794 2425 esset
808 2365 977 2442 proprium,
1000 2364 1130 2426 subtilis·

162 2451 236 2510 sime
251 2450 487 2528 peritissimeque
509 2449 677 2519 ediderunt,
702 2449 732 2509 hi
746 2466 848 2508 rerum
865 2449 995 2508 omnium
1010 2457 1131 2509 naturas

124 2538 150 2580 2⁵
161 2533 192 2593 in
208 2534 324 2610 gemina
341 2522 501 2593 dividenies
517 2533 572 2593 hac
588 2533 789 2611 speculatione
806 2531 995 2594 distribuunt.
1023 2533 1131 2594 Dicunt

228 2684 242 2731 1
256 2687 369 2748 ceperat
382 2699 406 2744 c,
418 2683 441 2744 l;
456 2688 571 2749 coeptus
584 2689 627 2735 est
640 2685 665 2748 d,
677 2685 696 2738 f.
714 2682 725 2751 ll
742 2684 829 2749 Spera
842 2683 867 2746 d,
879 2700 900 2738 r.
945 2685 1011 2734 1-3
1024 2683 1129 2749 Sphera

95 2799 97 2803 ,
161 2748 296 2802 ‚..ierri
314 2752 402 2801 eadem
418 2767 492 2800 manu
510 2754 536 2802 in
553 2755 666 2818 marpine
684 2753 718 2802 F.
772 2754 919 2816 coeperat
937 2766 959 2801 s.
1011 2753 1130 2816 4spera

159 2816 184 2880 d,
200 2832 221 2880 r,
234 2818 265 2866 F.
321 2821 337 2868 ὁ
355 2819 432 2868 inse
452 2826 511 2869 ante
528 2819 760 2885 multiplicaveris
778 2835 824 2870 om.
837 2820 857 2881 f,
871 2819 904 2871 F.
962 2820 978 2868 6
998 2817 1089 2869 facias
1108 2835 1130 2867 r.

161 2881 165 2948 Ι
195 2884 280 2947 redit,
302 2888 330 2935 et
347 2884 373 2934 b.
401 2881 490 2952 thoc
514 2901 608 2937 rursus
627 2901 655 2951 c,
681 2887 712 2949 d,
740 2887 758 2936 1.
839 2888 854 2937 7
884 2883 972 2950 idem]
995 2900 1078 2936 unum
1102 2886 1130 2936 b.

162 2949 164 3016 l
189 2955 218 3001 et
239 2953 265 3002 si
291 2952 343 3001 hoc
368 2989 373 3001 .
394 2989 424 3003 ..
453 2953 526 3004 idem
552 2959 594 3005 est
616 2971 663 3006 om.
693 2970 726 3017 c,
754 2954 779 3007 d,
814 2949 826 3019 l}
856 2952 913 3016 est]
936 2952 1083 3003 conficitur
1104 2971 1129 3005 u.

160 3022 176 3070 8
194 3034 250 3068 una
268 3025 299 3068 ut
318 3020 357 3070 ·V·
376 3021 521 3086 quinquies
540 3021 567 3072 d.
584 3019 595 3088 ll
613 3019 715 3086 fuerit]
735 3023 787 3071 erit
805 3036 828 3070 s.
846 3017 858 3086 ll
881 3020 954 3071 redit
973 3036 996 3070 c.
1050 3024 1065 3072 9
1085 3037 1128 3071 se·

161 3086 249 3136 cundo
263 3103 287 3150 a,
302 3088 329 3150 b,
344 3087 357 3136 f
363 3105 369 3149 ;
390 3088 513 3138 secunda
531 3096 557 3139 et
574 3105 655 3154 supra
672 3104 769 3140 ameum
784 3094 815 3138 ut
832 3089 924 3138 XXV·
938 3089 1086 3153 quinquies
1104 3088 1129 3140 d.

160 3152 174 3216 ll
194 3168 276 3218 spera
295 3154 321 3204 d.
392 3157 422 3205 11
443 3157 564 3221 quinque
671 3172 732 3217 sex,
754 3172 782 3218 c,
802 3156 822 3205 f.
896 3157 929 3205 14
948 3154 1063 3205 -CXXV·
1082 3172 1131 3207 om.

158 3221 194 3282 F;
214 3223 321 3288 ideoque
344 3231 479 3288 sequentes
502 3227 598 3275 numeri
614 3233 674 3275 sunt
689 3240 738 3275 uno
756 3239 830 3275 versu
850 3225 971 3288 promoti.
1040 3226 1072 3274 17
1085 3223 1131 3271 In-

158 3291 249 3352 script.
269 3307 315 3343 oni.
329 3289 358 3352 d,
373 3305 394 3342 s.
430 3291 464 3340 In
483 3306 500 3341 a
517 3294 610 3356 lepitur
630 3293 765 3354 inscriptio
782 3294 912 3357 sequentis
929 3292 1032 3355 capitis.
1053 3288 1065 3357 Η
1086 3291 1129 3340 De

160 3360 274 3420 notura,
299 3359 389 3408 omisso
410 3373 452 3421 ee,
476 3360 495 3409 f.
523 3356 535 3424 ΙΙ
569 3374 659 3409 rerum
677 3375 724 3411 om.
745 3374 767 3409 o.
843 3360 875 3409 18
894 3355 1011 3426 dicitur]
1037 3364 1081 3410 est
1097 3360 1130 3412 F.

144 3425 192 3473 19
213 3430 278 3474 sunt
301 3441 329 3488 c,
354 3425 376 3488 l,
401 3441 422 3479 r.
498 3427 531 3476 20
553 3425 639 3479 XXX.
662 3425 681 3479 1.
754 3427 787 3476 22
811 3423 929 3491 quique]
953 3428 1073 3491 quinque
1098 3429 1129 3477 F.

158 3493 191 3542 23
210 3488 334 3559 queque]
360 3507 415 3556 que
437 3493 467 3554 d;
496 3507 663 3557 unaqueque
682 3508 703 3547 s.
784 3495 818 3542 24
837 3494 1079 3560 peritissimeque
1103 3494 1130 3544 d.
