2392 3922
141 126 183 190 90
419 128 507 179 INST.
526 128 679 178 ARITHM.
698 128 739 191 11,
759 129 783 178 ὅ.
803 129 826 177 (i.

143 299 172 357 in
195 297 361 375 superficiei
383 298 528 356 rationem
545 296 636 364 cadit,
661 314 736 373 quae
751 304 781 356 et
796 298 859 373 ipsa
875 294 960 358 solidi
977 300 1115 375 corporis

143 389 172 440 et
191 381 315 458 triplicis
336 380 481 440 intervalli
505 379 640 440 naturale
662 382 783 440 sortitur
804 381 934 449 initium,
957 382 1021 458 ipsa
1042 401 1115 443 vero

143 484 199 525 nec
213 466 289 525 trina
305 465 451 526 intervalli
467 465 659 526 demensione
675 464 865 534 distenditur,
883 483 939 526 nec
955 465 1014 526 ulla
1031 485 1115 528 cras·

142 550 268 610 situdine
284 549 435 610 solidatur.

116 718 129 756 5
472 707 515 762 De
531 721 649 760 rzumero
664 708 777 760 lineari.

204 855 237 913 V.
284 853 331 912 Sic
357 854 442 912 etiam
470 854 500 912 in
522 870 646 911 numero
669 854 766 912 unitas
789 851 924 930 quidem,
957 871 1025 913 cum
1050 855 1115 932 ipsa

143 937 262 998 linearis
284 954 424 997 numerus
446 937 573 1004 nonsit,
596 938 625 993 in
646 934 862 1014 longitudinem
879 944 977 997 tamen
994 937 1116 999 distenti

142 1023 259 1082 numeri
275 1023 452 1099 principium
471 1028 528 1090 est,
547 1027 576 1080 et
592 1020 711 1080 linearis
727 1038 886 1090 numerus,
903 1039 970 1080 cum
987 1023 1053 1100 ipse
1068 1032 1115 1082 to-

141 1107 199 1167 tius
221 1105 380 1165 latitudinis
401 1123 507 1183 expers
528 1106 578 1173 sit,
602 1105 631 1162 in
653 1104 730 1164 aliud
751 1112 849 1164 tamon
871 1107 997 1183 spatium
1014 1105 1115 1166 latitu·
1137 1166 1140 1173 ,

104 1208 129 1246 10
143 1190 219 1250 dinis
241 1191 349 1249 extenti
371 1191 488 1250 numeri
505 1190 626 1248 sortitur
641 1190 764 1248 initium.
800 1189 977 1268 Superficies
993 1208 1115 1268 quoque

141 1290 349 1341 numerorum,
382 1292 448 1333 cum
476 1275 536 1352 ipsa
562 1272 688 1332 solidum
717 1291 825 1349 corpus
851 1292 911 1334 uon
940 1274 989 1343 sit,
1020 1275 1115 1334 additi

143 1366 241 1417 tamen
267 1357 413 1417 latitudini
439 1357 523 1416 solidi
551 1358 685 1434 corporis
712 1365 799 1433 caput
823 1366 876 1418 est.
922 1357 984 1418 Hoc
1011 1365 1113 1419 autem

142 1440 259 1518 planius
285 1422 501 1520 his⁰exemplis
528 1441 658 1520 liquebit.
703 1442 837 1502 Linearis
863 1459 1007 1502 numerus
1031 1449 1112 1504 esta

143 1524 258 1585 duobus
285 1525 428 1586 inchoans
454 1527 568 1586 adiecta
595 1543 714 1604 semper
742 1527 851 1585 unitate
872 1527 902 1586 in
923 1544 1014 1586 unum
1038 1545 1114 1588 euu-

104 1625 129 1664 15
144 1610 269 1687 demque
286 1610 406 1670 ductum
424 1611 594 1689 quantitatis
611 1608 753 1690 explicata
771 1611 940 1687 congeries,
963 1616 997 1670 ut
1012 1617 1057 1671 est
1072 1611 1112 1682 id,

142 1694 219 1773 quod
237 1693 425 1754 subiecimus.

142 1812 177 1872 ll.
197 1812 244 1872 ΙΙΙ.
267 1813 329 1874 llll.
349 1812 425 1873 Illll.
445 1813 536 1874 llllll.
557 1814 661 1874 lllllll.
684 1813 802 1874 llllllll.
818 1813 949 1874 lllllllll.
966 1813 1111 1874 llIillllll.

140 2003 184 2057 Ile
202 2005 300 2073 plenia
323 2006 482 2059 rectilineae
507 2006 622 2075 sipario,
654 2004 784 2076 quodque
811 2018 912 2058 eorum
934 2006 1113 2075 trionptdnm

498 2091 676 2158 principium
696 2091 740 2142 cit.

103 2249 129 2289 oo
205 2234 250 2294 VI.
284 2234 374 2293 Plana
391 2253 460 2294 vero
476 2233 648 2307 superficies
663 2234 692 2292 in
710 2235 842 2293 numeris
858 2236 1020 2300 invenitur,
1037 2251 1112 2310 quo-

140 2319 215 2378 tiens
231 2335 246 2376 a
269 2317 363 2377 tribus
379 2317 568 2378 inchoatione
583 2316 658 2376 iacta
675 2317 772 2379 addita
788 2318 996 2396 descriptionis
1012 2317 1112 2378 latitu-

141 2400 209 2461 dine
230 2403 449 2478 insequentium
473 2419 504 2464 se
521 2399 696 2461 naturalium
713 2421 907 2464 numerorum
924 2401 1112 2463 multitudine

208 2584 388 2649 lsnperficie
407 2585 432 2634 d.
468 2581 479 2651 {l
514 2586 650 2636 rationem
674 2604 709 2637 eae
732 2590 933 2639 concedentem
956 2587 986 2647 d,
1010 2603 1036 2648 r;
1067 2603 1112 2636 ra·

139 2653 215 2702 tione
234 2667 258 2701 a.
283 2649 295 2718 fl
320 2653 395 2702 cedit
413 2653 522 2703 ratione
541 2653 561 2706 f.
584 2650 600 2770 H
627 2655 713 2705 cadat
731 2672 755 2708 c.
826 2658 841 2705 5
862 2656 969 2704 Titulmn
988 2671 1035 2706 om.
1054 2654 1080 2703 d.
1098 2651 1110 2719 ll

138 2719 273 2770 linearum
287 2735 315 2784 e,
329 2736 350 2783 r,
365 2736 385 2769 s.
439 2720 581 2786 tlongitu
602 2722 648 2772 ine
668 2723 687 2773 f.
716 2719 728 2789 Η
751 2727 843 2772 tamen
863 2739 909 2772 orn.
923 2723 946 2784 13
966 2727 1074 2771 tantum
1088 2737 1111 2771 c.

140 2789 169 2835 11
189 2784 292 2851 additi]
318 2789 344 2836 in
361 2791 489 2853 margine:
519 2790 548 2838 in
573 2788 603 2839 al
621 2789 717 2839 addita
735 2791 766 2851 b;
799 2790 889 2839 additi
911 2799 936 2840 et
958 2805 1040 2854 supra
1061 2789 1071 2836 i
1099 2787 1112 2838 l

140 2870 156 2903 a
175 2854 192 2903 l.
264 2857 295 2902 12
313 2852 472 2922 latitudini]
496 2856 639 2906 altitudini
662 2859 688 2907 in
711 2861 789 2907 litura
808 2873 832 2919 r,
859 2857 1007 2907 altitudine
1028 2871 1055 2920 s3
1086 2858 1112 2904 in

138 2923 250 2985 rnurpine
270 2921 411 2972 altitudini
432 2924 464 2988 b,
489 2924 636 2974 altitudine
654 2923 672 2973 l.
702 2920 714 2989 Η
748 2922 856 2990 autem]
878 2930 920 2975 est
940 2931 1035 2988 puncto
1053 2923 1112 2972 eub-

138 2997 250 3039 notatum
268 2998 293 3038 et
310 3007 391 3055 supra
409 3007 506 3040 vernem
525 2997 617 3042 eutem
636 2993 654 3042 f.
727 2995 758 3042 13
777 2993 876 3042 licebit
893 3008 960 3044 corr.
980 2994 1006 3040 in
1024 2991 1112 3056 lique·

138 3057 180 3105 bit
198 3072 224 3108 a.
308 3061 339 3108 to
363 3057 499 3123 explicite
522 3061 542 3110 f.
625 3062 655 3108 1⁷
674 3060 715 3109 At
738 3059 776 3108 ·Ι1
799 3061 895 3108 initium
915 3061 1017 3124 fuciunt
1039 3075 1064 3120 r,
1085 3072 1111 3116 ες

137 3124 279 3174 IlIIIIIIII
312 3142 357 3176 om.
382 3142 407 3187 υς
434 3127 501 3177 1111.
534 3128 600 3180 IIII.
632 3127 696 3176 IIII.
722 3142 753 3187 ας
780 3127 815 3177 II.
840 3127 904 3176 1111.
930 3127 983 3176 III.
1007 3128 1058 3177 ΠΙ.
1086 3133 1115 3174 et

138 3207 219 3256 snpra
240 3208 338 3242 nereum
360 3194 387 3242 Il
412 3194 440 3243 II
461 3195 489 3244 II
512 3195 540 3244 II
557 3195 584 3243 II
602 3195 630 3244 II
647 3195 675 3244 II
693 3195 722 3243 II
740 3195 768 3244 II
785 3195 816 3255 b,
836 3194 859 3253 l;
883 3197 996 3259 virgulae
1021 3196 1113 3244 damae

137 3266 196 3308 eunt
218 3262 307 3323 uipinti
324 3269 350 3310 ei
367 3279 417 3311 nna
435 3265 461 3312 in
480 3279 507 3321 o,
527 3263 659 3312 duodecim
678 3264 705 3311 in
728 3261 757 3320 d,
782 3264 888 3325 triptota
911 3269 1032 3328 quattuor
1048 3263 1074 3310 in
1092 3261 1113 3309 f.

140 3327 172 3375 18
194 3327 301 3377 Titurium
319 3345 366 3381 om.
385 3330 412 3378 d.
442 3326 453 3395 ΙΙ
483 3345 590 3394 qnoque
610 3331 630 3384 f.
654 3326 666 3395 Η
689 3329 845 3393 triangulus
864 3345 894 3392 a,
915 3330 937 3384 l:
957 3328 1113 3394 triangulo·

139 3394 208 3443 rium
227 3395 246 3443 f.
301 3398 332 3446 19
351 3398 548 3462 principalium
567 3398 586 3446 f.
607 3393 619 3462 ΙΙ
642 3399 679 3446 sit
697 3412 744 3446 om.
761 3397 782 3446 f.
801 3402 844 3447 est
860 3399 1028 3462 principium
1046 3413 1072 3457 a,
1085 3397 1112 3446 b.

139 3463 171 3512 20
190 3464 299 3525 quoties
319 3480 343 3513 a.
421 3467 452 3514 22
476 3465 694 3528 insequentium
714 3479 744 3526 a,
764 3464 789 3517 d.
822 3461 834 3531 {l
868 3464 1073 3515 multitudinem
1092 3465 1112 3513 i·
