2392 3922
368 134 460 188 rusa.
479 135 632 185 tamnu.
650 135 690 196 11,
711 137 752 185 aa.
989 135 1049 199 107

75 311 251 382 tetragono,
267 306 354 364 tertia
371 305 499 382 pyramis
512 304 547 363 de
560 311 736 382 pentagono,
754 312 856 381 quarta
870 307 998 383 pyramis
1012 308 1048 368 de

77 405 230 466 exagono,
249 391 349 467 quinta
365 390 496 468 pyramis
512 389 548 448 de
565 394 725 464 eptagono,
744 387 881 466 idemque
897 391 927 448 in
944 393 1050 452 ceteris

54 512 60 519 .
75 481 196 534 constat
209 475 351 534 numeris.
368 473 441 532 Narn
454 473 591 550 quoniam
605 471 731 530 lineares
743 488 885 531 numeros
897 490 962 532 esse
975 474 1048 533 dixi·

76 574 160 626 mua,
183 559 234 634 qui
254 558 290 617 ab
308 575 366 617 uno
388 556 514 634 profecti
532 557 561 613 in
579 555 721 613 intinitum
738 565 907 624 currerent,
930 565 962 616 nt
982 567 1050 617 sunt

75 641 102 705 Ἰ.
115 640 150 701 ll.
164 641 213 700 lll.
227 642 288 702 llll.
300 643 333 701 l'.
346 641 391 701 Vl.
406 639 465 699 Vll.
478 639 551 698 Vlll.
565 638 650 698 Vllll.
666 639 711 707 X„
725 639 769 697 his
783 647 880 698 autern
892 640 1048 701 ordinatim
1062 662 1075 701 a

73 725 250 802 compositis
263 725 339 785 etad
354 725 523 784 seinvicem
538 740 604 783 cum
615 722 751 783 distantia
762 724 868 783 iunctis
878 725 1049 802 superficies

73 808 287 877 nascebantur,
304 817 345 876 ut,
363 809 385 866 si
402 824 493 865 unum
509 814 537 865 et
551 807 609 866 duo
623 808 772 884 iungeres,
791 808 903 884 primus
915 810 1048 885 triangu-

75 893 125 954 lus
142 899 332 959 nasceretur,
349 892 376 950 id
397 898 441 950 est
459 899 535 960 tres,
553 898 582 951 et
600 910 666 952 curn
682 891 727 950 his
744 891 973 968 adiungeremus
988 900 1048 951 ter·

72 979 162 1044 tium,
179 977 208 1035 id
227 984 270 1035 est
286 979 459 1043 ternarium,
474 977 607 1035 senarius
619 974 782 1052 triangulus
795 994 898 1035 rursus
911 994 1050 1035 occurre-

73 1071 142 1129 ret,
168 1068 277 1137 etpost
293 1060 347 1120 hos
364 1061 506 1137 tetragoni
523 1078 582 1119 uno
597 1062 782 1128 intermisso,
802 1062 962 1138 pentagoni
979 1079 1048 1120 vero
1063 1080 1087 1116 ιο

70 1144 212 1213 duobuS,
233 1146 358 1221 exagoni
381 1143 487 1212 tribus,
511 1147 648 1221 eptagoni
665 1143 775 1204 relictis
791 1152 930 1222 quattuor
948 1163 1048 1205 nasce·

78 1229 207 1290 bantur:
227 1246 306 1288 nunc
321 1246 390 1287 vero
407 1228 442 1288 ad
459 1227 620 1288 solidorum
637 1246 796 1305 corporum
812 1231 1048 1306 procreationem

81 1316 164 1392 ipsae
190 1312 275 1372 nohis
301 1313 472 1390 superficies
499 1311 671 1372 naturaliter
696 1313 839 1389 figuratae
865 1316 1047 1392 provenient.

74 1397 116 1457 tat
137 1397 172 1456 ad
195 1398 346 1457 faciendas
368 1396 486 1475 quidem
509 1397 674 1475 pyramidas
695 1414 710 1454 a
729 1397 876 1474 triangulo
891 1400 948 1476 ipsi
963 1398 1049 1458 nobis

73 1480 220 1558 trianguli
242 1481 438 1560 componendi
454 1492 538 1549 sunt;
561 1480 596 1539 ad
618 1481 818 1559 procreandas
834 1499 903 1541 vero
921 1487 1047 1562 pyrami·
1062 1501 1087 1538 15

74 1567 133 1625 das
148 1583 164 1624 a
178 1574 335 1641 tetragono
352 1568 514 1642 tetragoni;
537 1565 572 1624 ad
595 1584 644 1625 eas
662 1582 746 1632 vero,
769 1584 844 1644 quae
861 1576 929 1625 sunt
944 1585 959 1625 a
976 1584 1048 1642 pen·

75 1650 189 1726 -tagono
206 1650 364 1727 pentagoni
380 1648 538 1727 copulandi
559 1658 635 1709 sunt.
682 1650 718 1708 Et
733 1648 813 1717 illae,
837 1667 911 1728 quae
927 1651 1047 1710 suntab
1079 1689 1082 1693 -

77 1751 214 1812 aragona
237 1733 281 1793 vel
298 1741 442 1811 eptagono
459 1734 590 1794 nonnisi
607 1751 808 1811 exagouorum
827 1733 870 1793 rel
888 1741 1047 1812 cptagono·

78 1824 145 1878 rurn‘
163 1817 350 1896 copulatione
366 1826 532 1877 nascentur.
559 1818 693 1877 Primus
710 1835 780 1893 ergo
798 1825 940 1892 potestate
956 1820 1047 1876 trian-

74 1902 167 1980 gulus
190 1910 234 1962 est
254 1903 351 1962 unitas
373 1901 557 1978 eandemque
581 1903 666 1958 etiam
688 1902 824 1976 ponimus
841 1900 946 1958 virtute
962 1917 1048 1978 pyra·
1061 1917 1087 1954 ao

76 1986 204 2053 midam;
226 1986 374 2046 secundus
396 2002 465 2043 vero
486 1983 650 2059 triangulus
672 1992 716 2044 est
735 1985 897 2050 ternarios,
921 2000 1008 2060 quem
1025 1985 1049 2041 si

73 2089 147 2131 cum
168 2073 264 2148 primo
288 2071 484 2136 coniunxere,
506 2068 536 2126 id
558 2077 602 2127 est
623 2085 689 2125 curn
712 2068 837 2133 unitate,
861 2069 1049 2145 quaternaria

80 2155 153 2215 mihi
162 2155 347 2230 profunditas
358 2151 516 2231 pyramidis
528 2153 682 2212 excrescit.
699 2151 734 2209 At
746 2167 814 2209 vero
828 2151 853 2209 si
864 2149 909 2209 his
921 2152 1048 2221 tertium,

78 2240 241 2308 senarium,
258 2240 381 2298 iunxero
394 2237 514 2296 denaria
528 2235 687 2315 pyramidis
700 2234 905 2312 procreabitur
918 2234 1047 2294 altitudo.

77 2323 132 2383 His
145 2325 171 2382 si
182 2324 334 2383 denarium
347 2324 472 2382 iunxere
486 2322 585 2398 viginti
598 2337 790 2380 numerorum
804 2321 930 2396 pyramis
943 2322 1046 2390 veniet,
1062 2335 1087 2375 aa

76 2417 168 2484 atque
189 2409 226 2466 ita
252 2409 282 2465 in
298 2408 411 2466 cunctis
427 2405 490 2465 aliis
506 2405 608 2464 eadem
625 2405 699 2463 ratio
716 2403 909 2482 copulationis
926 2414 978 2464 est.

170 2510 194 2566 ri
216 2525 254 2566 ntJ
278 2506 305 2566 li.

75 2508 1046 2669 rfflwnmmwfflmmmmm

151 2795 307 2844 3numeris
321 2798 468 2842 constante,
497 2789 508 2857 Η
537 2791 705 2841 numerusd.
735 2787 746 2856 ΙΙ
777 2807 837 2842 esse
856 2808 983 2842 numeros
997 2789 1047 2855 oll

76 2875 141 2911 esse
160 2877 208 2912 ona.
227 2861 247 2911 f.
287 2863 303 2910 4
322 2866 435 2911 currunt
454 2876 483 2921 a;
508 2861 645 2909 currerint
664 2875 691 2919 03
711 2860 826 2908 currerit
849 2867 873 2910 et
890 2876 971 2924 cupra
989 2875 1002 2908 r
1020 2875 1048 2909 re

79 2945 106 2990 r;
131 2932 241 2978 current
260 2943 282 2978 s.
353 2929 416 2977 din
435 2944 463 2978 se
488 2943 515 2986 c,
535 2927 566 2988 d,
585 2928 609 2988 f,
629 2943 654 2986 r,
675 2941 702 2982 ες
726 2926 756 2973 in
780 2934 805 2975 et
826 2943 906 2990 supra
923 2925 1051 2976 oercrcml

81 2995 116 3045 ed
134 2996 160 3045 b.
233 2998 322 3045 iuno
347 3012 371 3046 a.
441 2999 456 3046 8
486 2996 543 3044 ·III·
568 3008 598 3056 o,
622 3009 643 3042 r.
678 2989 689 3057 ΙΙ
724 2993 770 3040 iun
792 3008 899 3043 eremus
919 3009 949 3056 a,
974 3010 1002 3056 o,
1028 3011 1049 3046 r.

56 3065 95 3114 ·9
114 3079 221 3112 rursum
239 3062 264 3113 d.
281 3060 292 3128 ll
310 3069 436 3114 occurret
455 3079 474 3111 r.
534 3064 565 3110 to
582 3066 610 3110 et
628 3077 673 3111 om.
693 3059 720 3121 b,
739 3058 758 3107 l.
773 3009 791 3124 ll
804 3060 980 3125 deietragoni
998 3076 1018 3110 r.
1034 3059 1046 3124 ll

78 3131 237 3181 intermisso
260 3146 312 3180 uno
335 3148 358 3182 a.
430 3133 462 3180 14
480 3128 592 3193 quidam
612 3144 632 3176 r.
666 3122 678 3191 Η
712 3126 882 3191 pyramides,
907 3143 936 3178 es
955 3137 1049 3177 mutato

79 3200 105 3247 in
125 3213 156 3247 aa
175 3214 200 3250 a.
272 3201 302 3248 19
321 3202 484 3259 nascantur,
504 3199 587 3245 altero
607 3197 667 3244 ain
687 3201 827 3255 amatote,
848 3211 874 3244 a.
938 3199 971 3245 20
989 3197 1050 3244 uni·

79 3271 124 3315 tas
143 3271 186 3315 est
205 3282 232 3327 c,
252 3281 274 3318 s.
344 3265 527 3324 aerumma,
548 3263 566 3314 l.
634 3264 668 3311 24
685 3260 817 3312 denariae
836 3262 866 3324 d,
886 3263 911 3324 f;
935 3264 1051 3313 denaria

75 3348 148 3384 corr.
168 3335 195 3382 in
213 3332 344 3382 denariae
365 3349 389 3382 a.
459 3334 492 3382 25
516 3330 665 3380 adiunxero
685 3345 715 3389 a,
735 3343 756 3378 s.
789 3327 801 3395 ll
835 3330 902 3379 «XX·
921 3346 947 3392 r;
975 3331 1051 3380 vioe-

76 3401 145 3449 simi
162 3401 208 3451 vel
226 3401 328 3466 viginti
340 3416 363 3449 c.
387 3397 399 3464 ΙΙ
421 3399 548 3449 vicesimi
566 3397 672 3446 numeri
685 3411 705 3448 s.
760 3399 792 3446 26
813 3397 1050 3447 esthocmodos.
1120 3444 1124 3449 .

79 3469 112 3517 27
132 3467 280 3532 Trianguli
298 3484 344 3518 om.
364 3468 384 3520 f.
420 3465 566 3531 Trianguli
585 3466 619 3515 ab
638 3465 746 3515 unitate
766 3471 794 3514 et
812 3464 935 3514 naturali
953 3482 975 3514 s.
