2392 3922
145 133 187 198 98
405 132 496 184 msr.
515 131 667 183 norrun.
685 134 726 195 11,
747 135 788 186 14.
808 135 848 182 15.

383 358 427 414 De
441 342 628 430 generatione
640 365 877 430 pentagonorum.

208 505 296 565 Xllli.
328 503 495 564 Nascuntur
516 512 613 565 autem
630 503 659 562 bi
675 505 807 572 numeri,
830 504 880 581 qui
896 505 1009 564 extensi
1023 505 1055 563 in
1070 505 1115 565 la-

146 590 299 649 titudinem
324 591 365 649 ·V·
388 588 512 666 angulos
533 589 679 666 pandunt,
712 587 748 648 ab
771 587 872 647 eadem
895 588 1037 648 naturalis
1057 607 1112 649 nu-

145 675 219 733 meri
240 675 401 752 quantitate
422 675 451 733 in
473 692 504 733 se
527 680 711 740 coacervata,
738 675 777 732 ita
805 680 836 731 ut
857 671 973 732 dnobus
993 690 1112 753 semper

119 775 132 814 s
145 759 306 819 interiectis
330 758 461 818 numeris
476 758 622 836 superiori
640 756 682 816 vei
697 755 901 835 superioribus
916 759 1037 818 vincens
1052 768 1111 818 ter·

144 845 228 902 nario
244 861 327 911 eum,
345 843 392 902 oui
406 840 572 918 iungendus
588 850 646 910 est,
664 841 851 918 adgregetur.
896 840 1031 919 Namque
1047 843 1111 902 uni-

144 929 195 987 tati
211 927 387 987 intermissis
403 923 518 986 duobus
535 933 564 986 et
579 924 674 984 tribus
690 927 714 984 si
732 924 804 986 dlii·
822 927 934 1004 iungas,
951 927 1001 1004 qui
1017 925 1113 986 tribus

144 1012 236 1090 ipsam
259 1018 399 1090 superant
422 1011 578 1078 unitatem,
601 1009 751 1085 quinarius
771 1017 955 1088 pentagonus
970 1028 1109 1090 procrea·

145 1095 232 1155 bitur.
276 1095 347 1154 Post
370 1094 441 1154 NH·
464 1112 534 1153 vero
556 1095 580 1152 si
600 1093 769 1153 intermisso
792 1095 927 1169 quinario
949 1102 978 1153 et
992 1096 1113 1154 senario

41 1239 44 1241 ,
105 1197 130 1234 10
145 1187 256 1257 septem
284 1179 442 1256 adgreges,
469 1177 683 1237 duodenarium
706 1186 906 1255 pentagonum
927 1178 1110 1257 procreabis.

144 1263 276 1340 Namque
304 1281 380 1322 unus
397 1271 437 1323 ‚et
459 1261 529 1321 inl·
556 1270 584 1321 et
608 1262 678 1322 ·.Vll·
701 1264 817 1321 numeri
842 1261 913 1322 ·Xss·
939 1260 1112 1341 explebunt.

143 1345 206 1407 Hoc
229 1346 314 1405 etiam
336 1347 366 1406 in
391 1347 453 1407 aliis
474 1346 533 1407 fiet.
578 1345 651 1407 Nam
675 1348 696 1407 si
722 1345 766 1406 ·X·
790 1346 833 1405 rei
857 1345 941 1406 -xrll-
963 1345 1008 1406 vet
1027 1345 1111 1406 XVI·

143 1429 188 1490 rel
206 1428 328 1491 -xvrrn
345 1430 390 1491 vel
408 1430 505 1490 -xxu-
523 1429 568 1491 vel
585 1430 679 1493 XXV·
698 1430 903 1509 superiorihus
924 1432 1039 1491 cunctis
1059 1430 1111 1490 ad·

143 1516 292 1584 iunxeris,
316 1516 418 1576 eodem
441 1534 499 1594 quo
523 1517 659 1595 superius
679 1515 766 1574 modo
782 1516 941 1593 pentagoni
956 1515 1041 1584 fient,
1064 1533 1111 1575 se·

105 1615 130 1654 15
145 1599 273 1659 cundum
304 1601 489 1679 superiorem
520 1599 764 1679 descriptionem:
802 1598 889 1659 XXil·
920 1599 1032 1664 XXXV.
1063 1600 1110 1659 Li.

142 1682 227 1753 LXX.
259 1683 343 1744 XCH.
376 1683 483 1746 CXVN.

315 1892 358 1947 De
374 1894 515 1964 arragonis
534 1906 689 1963 eorumque
703 1889 944 1963 generationibus·

207 2040 265 2099 XV.
298 2039 428 2117 Exagom
443 2047 556 2112 autem,
577 2040 627 2115 qui
643 2036 834 2114 sexangulis,
852 2044 880 2096 et
897 2037 1043 2113 eptagoui,
1060 2038 1111 2115 qui

145 2124 214 2184 ·Vll·
228 2142 345 2184 rursus
363 2124 506 2184 lateribus
528 2125 729 2191 continentur,
762 2120 922 2180 seeundum
944 2120 1024 2179 buno
1045 2139 1109 2179 mo-

105 2224 132 2262 oo
146 2208 214 2267 dum
239 2227 340 2268 eorum
361 2208 489 2268 iaterum
513 2213 668 2282 augmenta
685 2213 885 2264 succrescunt.
930 2204 1063 2281 Namque
1078 2206 1110 2263 in

143 2291 281 2368 trianguli
309 2285 424 2350 numeri
450 2301 555 2350 natura
583 2290 847 2367 procreationeque
869 2290 948 2366 ipsos
969 2306 1111 2348 numeros

142 2376 338 2450 iungebamus
362 2375 411 2452 qui
433 2391 498 2433 sese
515 2375 543 2431 in
560 2373 685 2433 naturali
707 2374 898 2449 dispositione
913 2381 1110 2449 sequerentur

143 2464 224 2516 etse
247 2464 359 2516 tantum
383 2458 493 2517 unitate
516 2458 685 2517 transirent.
732 2456 873 2526 Quadrati
896 2476 965 2516 uero
982 2457 1109 2525 numeri

143 2540 170 2600 id
199 2536 242 2600 est
268 2542 429 2617 tetragoni,
460 2542 626 2619 procreatio
641 2541 730 2601 nebat
746 2560 779 2600 ox
803 2541 946 2610 numeris,
978 2543 1028 2618 qui
1051 2558 1111 2600 uno

104 2641 128 2678 25
142 2625 312 2684 intermisso
329 2624 552 2704 copulabantur,
571 2644 637 2685 cum
654 2643 685 2684 se
698 2624 811 2684 binario
824 2636 1010 2701 superarent.
1034 2624 1110 2685 Pen-

143 2710 242 2786 tagoni
262 2727 332 2768 vero
359 2718 461 2768 natura
491 2709 545 2769 suit
575 2728 609 2769 ex
637 2709 751 2769 duobus
777 2710 958 2787 interpositis
983 2707 1110 2769 relictis·

210 2931 222 2977 l
244 2928 367 2992 [rescript.
381 2944 426 2980 om.
440 2926 465 2976 d.
514 2923 534 2976 ⁴2
552 2926 629 2978 XIII.
644 2928 662 2977 l.
686 2923 698 2992 N
721 2929 827 2976 numeri
845 2943 925 2992 supra
943 2942 1041 2976 versum
1055 2941 1080 2975 a.
1097 2923 1108 2989 Η

140 2998 169 3044 in
192 2993 383 3062 latitudinem]
408 2997 433 3044 in
456 2998 568 3064 margine
590 2994 635 3045 vel
656 2993 858 3058 *longitudinem
881 3010 911 3055 εις
939 2997 965 3044 in
988 3000 1110 3043 contextu

142 3061 210 3124 esf.
237 3085 239 3089 ’
262 3066 357 3114 deese
378 3080 408 3126 a,
428 3079 456 3125 c,
476 3063 500 3120 f,
521 3057 546 3125 r,
566 3077 588 3115 s.
641 3061 776 3113 r'·111·o.
806 3058 818 3126 N
848 3067 965 3127 quatuor
984 3062 1009 3121 d,
1030 3066 1110 3125 quot-

140 3136 203 3180 tuor
221 3131 240 3182 f.
261 3129 367 3196 itemque
385 3131 464 3193 infra.
495 3128 506 3196 N
539 3129 689 3195 subiungas
708 3129 733 3178 d.
811 3129 972 3179 10·V11·c.
1001 3125 1013 3195 Η
1048 3143 1111 3192 pro-

141 3195 261 3264 creabis]
278 3199 450 3263 adgregabis¹
461 3197 485 3246 d.
534 3200 563 3246 il
578 3203 737 3261 septem...
752 3196 895 3247 duodecim
910 3196 935 3260 d,
951 3197 970 3246 f.
1020 3199 1051 3246 13
1064 3193 1109 3245 vel

141 3265 236 3315 -xxn-
255 3266 293 3315 bis
312 3281 332 3315 s.
402 3268 434 3316 15
454 3262 564 3330 xxii]
591 3264 720 3318 ·XXX·<l.
755 3261 766 3330 ΙΙ
800 3261 932 3330 ·XXXV·]
957 3264 1064 3313 XXXI·
1084 3277 1108 3310 o.

141 3336 172 3383 17
186 3333 310 3397 Inscript.
324 3350 369 3384 om.
384 3333 409 3382 d.
433 3329 445 3398 ΙΙ
468 3329 702 3396 generationibus]
718 3330 854 3382 lateribus
867 3332 887 3382 f.
941 3331 1077 3381 texml.
1090 3328 1109 3377 l.

141 3403 172 3450 19
191 3407 297 3466 septem
316 3400 346 3461 d,
366 3399 385 3451 f.
455 3403 488 3449 20
506 3401 588 3461 Nam,
609 3405 699 3450 omisso
718 3413 771 3461 que
790 3415 820 3462 a,
839 3401 866 3449 b.
936 3401 969 3448 22
987 3396 1111 3447 naturali

139 3469 246 3519 numeri
264 3468 444 3533 dispositione
463 3468 492 3518 fs
