2392 3922
122 39 144 81 1

176 152 239 217 ,106
440 152 533 204 rusr.
551 151 703 202 turrnu.
722 153 763 213 11,
783 152 823 200 ss.
842 153 884 200 23.

177 379 221 435 De
241 380 285 434 bis
303 379 477 450 pyramidt'S,
509 392 584 449 quoe
607 392 624 429 a
646 377 798 447 quadratis
820 376 863 430 oet
886 393 903 429 α
925 377 1031 429 ceteris
1050 377 1144 430 mttlti-

416 463 530 534 anputis
541 461 774 532 proficiscuntur
793 461 904 531 fiporis.

241 608 329 668 XXII.
375 608 455 668 Idem
480 609 504 666 si
525 626 540 666 a
563 613 713 682 tetragona
736 605 798 665 basi
821 605 1024 682 proficiscatur
1051 614 1080 665 et
1109 606 1145 666 ad

177 711 268 752 unum
291 693 430 752 verticem
453 692 516 752 eius
531 690 625 752 lineae
642 690 819 766 dirigantur,
843 691 899 748 crit
914 690 1044 767 pyramis
1061 699 1144 767 quat·

148 785 245 837 atuor
271 775 485 854 triangulorum
506 793 560 854 per
585 774 692 842 latera,
723 791 782 834 uno
804 781 916 833 tantum
938 781 1093 851 tetragono
1114 776 1143 832 in

177 861 240 922 basi
256 861 366 939 posito,
386 878 476 938 super
499 877 586 936 quam
607 860 669 936 Ipsa
692 858 786 936 figura
809 857 928 917 lundata
944 864 997 916 est.
1028 858 1103 916 Etsi
1129 877 1144 916 a

176 954 344 1024 pentagono
372 950 494 1022 surgant
525 945 576 1003 ·V·
603 942 706 1013 lineae,
734 943 862 1020 quinque
890 959 993 1001 rursus
1015 943 1144 1021 pyramis

178 1029 331 1107 triangulis
355 1027 568 1094 continebitur,
591 1029 664 1086 etsi
686 1025 721 1085 ab
745 1043 892 1103 eragono,
916 1042 966 1085 sex
989 1026 1144 1102 triangulis

177 1113 381 1180 nihilominus;
411 1120 439 1172 et
465 1119 708 1188 quantoscunque
731 1109 853 1186 angulos
880 1109 1014 1169 babuerit
1039 1109 1143 1185 figura,

140 1214 166 1252 ιο
180 1215 269 1275 super
286 1213 372 1273 quarn
390 1197 519 1275 pyramis
535 1195 660 1263 residet,
676 1201 720 1253 tot
734 1196 796 1273 ipsa
813 1212 867 1272 per
883 1192 973 1253 latera
988 1193 1144 1271 triangulis

177 1283 359 1350 continetur,
378 1288 408 1340 ut
424 1299 458 1340 ox
475 1279 614 1340 sublectis
629 1277 877 1357 descriptionibus
892 1277 987 1356 palam
1004 1284 1056 1335 est.

953 1386 975 1420 ct

573 1452 597 1491 ὥ

393 2322 554 2377 Solidorum
568 2323 717 2393 pancratio
733 2336 927 2376 numerorum.

239 2452 341 2512 XXIII.
392 2451 536 2510 Dicuntur
563 2458 660 2510 autem
690 2450 858 2510 huiusmodi
888 2451 1055 2528 pyramides
1086 2452 1142 2512 boo

136 2551 162 2590 15
177 2537 281 2596 modo:
303 2536 399 2612 prima
422 2535 550 2613 pyramis
571 2534 607 2593 dc
630 2533 791 2612 triangulo,
813 2536 940 2594 secunda
959 2537 1089 2613 pyramis
1106 2537 1142 2596 dc

176 2736 307 2785 scribitur
328 2735 381 2785 hoc
400 2734 478 2785 modo
497 2735 638 2800 triangula
656 2737 777 2801 pyramis
801 2751 821 2786 s.
900 2739 915 2785 2
934 2736 1144 2801 proficiscuntur

175 2804 270 2866 figuris
289 2818 314 2852 a.
344 2799 355 2868 Η
384 2801 479 2868 liguris
497 2818 543 2852 out
562 2804 596 2852 F.
650 2804 757 2854 3XXI.
776 2803 794 2856 l.
818 2800 830 2868 Η
853 2803 924 2852 Item
943 2821 967 2864 a,
989 2805 1008 2852 f.
1033 2800 1045 2871 Η
1067 2805 1143 2855 Idem

176 2875 269 2919 autom
288 2870 312 2922 d.
374 2875 389 2920 ὁ
408 2871 436 2918 in
454 2886 501 2920 om.
521 2887 546 2920 a.
604 2873 619 2920 6
638 2872 699 2936 ipsa
718 2876 840 2920 extrema
858 2870 946 2936 figura
964 2871 1094 2935 quadrati
1113 2889 1141 2931 n:

173 2938 236 3002 ipsa
260 2941 382 2987 extrema
405 2937 533 3002 quadrati
554 2938 642 3003 figura
662 2955 689 3001 c,
709 2954 731 2991 s.
801 2941 950 3002 'Isurgunt
968 2939 993 2991 d.
1024 2936 1036 3005 Η
1065 2941 1144 3003 quin-

174 3020 227 3067 que
247 3005 272 3064 d,
294 3005 313 3066 f,
332 3021 354 3054 r.
388 3002 398 3068 Η
432 3021 525 3055 rursus
545 3008 665 3071 pyramis
684 3007 803 3070 quinque
823 3005 971 3070 triangulis
991 3023 1016 3067 a,
1037 3023 1059 3067 o,
1079 3024 1100 3067 r,
1121 3024 1142 3063 s,

175 3075 191 3120 9
212 3073 434 3137 quantiscunque
447 3073 472 3122 d.
490 3069 501 3139 Η
519 3073 608 3140 figura
621 3074 750 3123 habuerit
768 3089 788 3122 s.
843 3076 873 3122 11
888 3073 1075 3123 continebitur
1089 3091 1116 3123 a.
1130 3077 1141 3140 Η

174 3137 219 3203 ex]
234 3140 262 3187 in
281 3155 306 3201 a,
325 3141 350 3200 b,
372 3156 395 3201 o,
416 3155 437 3192 s.
493 3143 523 3189 12
543 3142 569 3205 b,
584 3142 630 3203 c,l
647 3143 745 3191 addunt
758 3143 866 3204 fipurnm
884 3144 1018 3204 eptuponi;
1039 3157 1052 3189 r
1070 3145 1144 3192 addit

171 3208 300 3270 triponmn
316 3215 341 3256 et
358 3211 508 3273 eptoponom
521 3217 546 3258 et
560 3211 753 3273 inscriptiones:
771 3209 863 3258 Prima
876 3209 997 3272 pyramis
1010 3208 1043 3258 de
1056 3211 1144 3258 trian-

175 3274 240 3337 gulo
261 3282 325 3332 cet.;
347 3275 359 3324 f
376 3277 449 3326 addit
467 3279 574 3326 alteram
588 3279 696 3340 fiporom
722 3282 862 3339 pentayoni
877 3293 929 3326 curn
949 3278 1043 3326 litteris
1063 3283 1142 3326 verto

173 3349 201 3390 et
218 3348 378 3405 eptoponum.
404 3342 535 3403 Qrtudruto
553 3345 744 3406 circumscripto
761 3352 820 3392 sunt
831 3345 908 3393 uerbo
921 3344 1011 3406 Busis,
1025 3344 1141 3399 Vertex;

173 3410 279 3474 reliquis
293 3413 384 3475 liparis
396 3414 529 3476 inscriptio
541 3419 580 3461 eat
592 3412 786 3473 Pentagonus,
804 3411 965 3475 Exagonus‚
979 3418 1143 3475 eptagonus.

173 3479 207 3526 14
225 3478 313 3530 XXII.
333 3478 350 3528 l.
371 3477 383 3540 Η
405 3479 549 3528 Ducuntur
567 3494 593 3539 ος
613 3478 724 3527 Dicitur
741 3493 809 3530 corr.
829 3481 856 3528 io
873 3479 1009 3529 Dicuntur
1026 3495 1047 3528 r.
