2392 3922
141 112 184 177 28
446 112 539 164 rusa.
558 111 711 162 serrum.
728 112 756 174 1,
776 113 815 161 12.

143 284 308 344 tremitates
328 281 374 342 rel
395 299 452 343 una
474 280 630 342 medietate
652 280 727 340 duae
748 279 880 360 duplices
901 280 1116 342 extremitates.

143 368 177 427 ln
193 366 378 446 longitudine
399 384 470 426 vero
490 367 603 445 pariter
624 366 704 442 paris
725 365 842 425 numeri
861 382 925 426 rem
947 366 1116 443 proprieta-

143 459 264 530 temque
286 452 429 530 designat.
467 448 551 518 Quod
579 451 658 509 enim
683 448 738 510 snb
765 448 879 510 duabus
905 448 1119 510 medietatibus

144 539 327 606 continetur,
351 534 474 612 aequale
490 542 534 596 est
549 536 593 610 ei,
615 533 693 613 quod
714 533 768 594 sub
791 535 930 594 extremis
946 534 1116 604 coniicitur,

119 632 131 672 5
145 620 191 681 vel
207 620 285 699 quod
301 620 337 681 ab
353 637 412 682 una
427 621 584 681 medietate
599 621 746 688 nascitur,
763 617 888 697 aequale·
901 625 946 678 est
960 618 1015 687 illi,
1033 619 1116 696 quod

143 705 198 767 sub
217 707 349 784 utrisque
365 703 602 766 extremitatibus
618 704 798 764 continetur.
820 701 989 780 Descriptio
1005 712 1114 772 autem,

143 807 220 866 qnae
241 789 393 869 subposita
417 798 474 858 est,
496 789 554 848 boc
574 787 662 848 modo
685 786 761 848 laeta
786 796 844 848 est:
869 794 1116 867 quantoscunque

145 876 173 935 in
197 875 302 934 ordine
322 876 433 953 pariter
453 874 568 950 parium
591 868 786 933 nutlterorum
806 873 954 932 ternarius
969 889 1117 932 numerus

143 958 359 1038 multiplicavit,
378 959 547 1035 quicunque
564 974 598 1016 ex
615 975 650 1016 eo
666 958 817 1034 procreati
832 965 914 1026 sunt,
931 957 1028 1034 primo
1044 966 1115 1017 suut

106 1057 131 1096 10
143 1062 231 1104 versu
254 1043 401 1120 dispositi:
423 1059 529 1102 rursus
544 1042 595 1118 qui
611 1041 730 1101 eosdem
745 1041 958 1119 multiplicante
977 1037 1115 1118 quinario

143 1128 203 1187 nati
220 1136 304 1196 sunt,
328 1125 458 1186 secundo
479 1125 545 1186 loeo
565 1134 634 1186 suut
659 1127 825 1194 constituti,
847 1133 915 1205 post
930 1143 1014 1195 vero,
1037 1143 1115 1203 quos

143 1210 328 1291 septenarius
345 1218 460 1271 ceteros
475 1208 696 1287 multiplicando
711 1212 891 1289 procreavit,
915 1210 1033 1270 eosdem
1052 1218 1113 1269 ter-

143 1298 184 1354 tio
201 1297 432 1373 conscripsimus
452 1294 532 1366 loco,
555 1296 740 1374 atque-idem
757 1297 788 1355 in
810 1295 922 1374 reliqua
938 1294 1112 1370 descriptio-

144 1381 189 1439 nis
204 1387 288 1458 parte
309 1379 500 1458 perfecimus.
1028 1370 1034 1385 '

104 1476 130 1516 15
373 1464 422 1524 lll.
503 1466 535 1524 V.
643 1463 700 1524 Vll.
779 1462 864 1523 Vllll.

373 1548 437 1610 llll.
501 1548 572 1609 Vlll.
638 1547 711 1608 XVl.
776 1547 890 1607 XXXll.

275 1665 356 1728 (Vide
374 1667 570 1730 descriptionem
594 1667 620 1715 in
639 1665 725 1715 tabula
742 1681 855 1716 seorsum
873 1664 983 1728 addito.)

142 1823 357 1894 Descriptiones
384 1824 423 1878 od
441 1826 587 1894 inpariter
604 1825 691 1893 puris
716 1829 851 1878 tectorum
867 1825 1043 1893 pertinentis
1064 1839 1116 1878 es·

569 1910 684 1978 positio.

104 2063 130 2104 20
207 2037 269 2098 Xll.
294 2037 437 2116 Superius
459 2038 548 2114 igitur
564 2036 695 2114 digestae
716 2036 922 2115 descriptionis
943 2036 1017 2098 haec
1038 2040 1115 2098 ratio

144 2130 205 2183 est:
229 2122 261 2183 Si
276 2121 312 2181 ad
329 2121 513 2182 latitudinem
529 2123 687 2201 respicias,
704 2120 756 2181 ubi
770 2129 814 2181 est
829 2122 956 2182 duorum
972 2123 1115 2182 termino-

143 2224 210 2266 rum
227 2223 284 2266 una
299 2205 457 2274 medietas,
479 2208 619 2283 ipsosque
635 2206 778 2266 terminos
798 2207 919 2284 iungas,
942 2205 1047 2284 duplos
1063 2225 1116 2268 eos

142 2290 302 2350 medietate
317 2291 437 2368 propria
453 2291 620 2368 repperies,
643 2297 675 2349 ut
697 2289 832 2350 ·XXXVl·
858 2299 887 2350 et
910 2290 980 2351 ·XX·
1003 2291 1116 2351 iaciunt

145 2373 242 2442 ·LVl·‚
260 2390 386 2451 quorum
403 2372 546 2432 medietas
562 2383 606 2434 est
623 2373 775 2443 ·llllVlll,
792 2377 842 2452 qui
854 2375 968 2434 medius
978 2382 1021 2435 est
1036 2376 1115 2436 inter

103 2484 130 2524 25
144 2476 196 2518 eos
218 2459 363 2518 terminus
384 2457 569 2518 constitutus.
602 2457 640 2518 lit
660 2476 764 2520 rursus
787 2458 921 2519 ·XXVlll·
944 2468 973 2518 et
996 2457 1066 2518 ·Xll·
1090 2461 1115 2519 si

142 2543 258 2618 iungas,
275 2541 387 2602 faciunt
400 2541 480 2610 ·XL·,
496 2558 624 2619 quorum
643 2542 714 2604 ·XX·
727 2543 870 2604 medietas
882 2543 997 2604 medius
1010 2561 1114 2604 eorum

211 2694 224 2741 1
243 2693 293 2742 uni
310 2692 455 2743 medietati
473 2709 504 2757 a,
523 2693 556 2753 b,
576 2710 605 2757 e,
624 2693 643 2748 l.
742 2697 757 2745 2
776 2695 805 2744 in
823 2693 1024 2759 longitudinem
1042 2709 1068 2757 e,
1088 2711 1113 2759 o,

141 2776 163 2824 r,
183 2776 203 2811 s.
274 2763 290 2811 3
308 2759 366 2811 desi
387 2766 436 2812 net
454 2777 480 2823 r,
500 2760 631 2827 designet
648 2770 673 2813 et
689 2779 770 2828 supra
789 2778 805 2811 e
816 2764 929 2812 secundo
946 2779 1019 2814 muno
1038 2778 1073 2813 en
1086 2778 1112 2816 a.

140 2831 213 2878 test
231 2843 278 2881 om.
293 2827 319 2878 d.
339 2828 357 2878 l.
369 2776 393 2894 bl
416 2830 527 2879 extimis
547 2829 573 2893 d,
592 2829 611 2882 l.
698 2832 713 2880 9
732 2829 974 2894 multiplicabitis,
993 2830 1026 2892 b,
1047 2847 1072 2892 e,
1092 2831 1111 2880 t'.

46 2888 56 2905 ⁶
142 2898 174 2946 10
191 2909 274 2946 versu
292 2900 356 2946 sunt
374 2896 395 2950 f.
465 2899 497 2947 12
516 2896 697 2962 multiplicari
716 2896 748 2961 d,
773 2896 964 2962 multiplicans
989 2905 1014 2947 et
1031 2913 1114 2962 supro

141 2962 246 3014 sldo
265 2979 286 3016 r.
318 2960 331 3028 ΙΙ
361 2965 521 3028 procreabit
540 2981 568 3027 e,
596 2965 768 3030 procreavit,
795 2980 812 3015 v
836 2971 953 3016 correcto
980 2967 1006 3014 in
1034 2965 1065 3024 b,
1085 2981 1113 3017 e.

142 3033 174 3082 13
194 3031 394 3082 conscribimus
412 3031 446 3095 b,
466 3031 492 3082 d.
515 3029 527 3097 ΙΙ
550 3032 579 3082 in
597 3049 644 3085 om.
665 3049 690 3084 e.
761 3033 793 3082 15
807 3036 835 3081 et
848 3034 880 3082 16
897 3033 957 3083 Hcs
974 3034 1039 3083 duce
1056 3049 1113 3084 ver-

140 3114 184 3148 sus
201 3114 248 3152 om.
273 3114 303 3158 o,
327 3114 349 3152 s.
390 3133 392 3138 -
487 3101 600 3165 Fipurae
623 3114 699 3150 arcus
721 3101 747 3149 io
770 3101 900 3151 codicibus
917 3102 994 3151 aliter·
1011 3102 1038 3150 in
1056 3104 1114 3151 aliis

140 3173 199 3216 suot
217 3168 296 3224 ducti,
316 3169 391 3217 etiam
408 3170 505 3218 numeri
520 3170 591 3218 curie
609 3174 667 3218 sunt
685 3169 812 3232 dispositi.
832 3168 866 3218 Iu
885 3170 1004 3219 edesunt
1021 3170 1113 3219 inseri-

138 3235 242 3298 ptiones
258 3234 424 3300 Longitud0‚
443 3234 585 3287 Latitudo.
639 3236 813 3301 181nscript.
833 3253 879 3287 om.
898 3235 923 3299 d,
943 3237 963 3286 f.
986 3232 999 3302 ll
1023 3235 1059 3286 sd
1072 3237 1113 3286 in-

139 3302 245 3366 pariter
263 3304 339 3368 paris
357 3307 484 3353 naturam
503 3304 670 3369 pertinentis
689 3320 734 3355 cm.
753 3304 776 3367 l,
794 3305 838 3354 nbi
853 3307 970 3368 leputatur
983 3305 1111 3370 superius

140 3369 258 3434 positae.
337 3373 371 3422 20
388 3371 451 3422 XII.
471 3386 518 3422 om.
538 3370 558 3419 f.
583 3367 595 3438 ΙΙ
617 3372 703 3436 igitur
718 3386 764 3425 ont.
785 3388 808 3422 e.
878 3375 911 3423 23
930 3373 1112 3438 proprisme-

140 3436 244 3488 dietate
263 3453 285 3504 r,
306 3453 328 3488 s.
398 3439 432 3488 26
449 3437 584 3489 medietas
602 3454 650 3489 om.
669 3439 689 3492 f.
