2392 3922
169 158 211 224 46
437 158 529 211 INST.
548 158 700 211 ARITHM.
721 159 749 220 1,
768 158 809 207 22.
828 159 870 209 23.

170 336 261 391 tatem
276 329 387 390 dictum
402 336 462 397 est,
479 327 529 389 sed
547 329 669 389 diversis
685 327 919 404 distantibusque
935 327 1050 404 signata
1064 337 1144 398 sunt,

171 414 208 476 ad
232 414 353 475 modum
369 412 509 474 discentis
524 411 638 473 scilicet
657 411 702 473 vel
718 411 851 474 docentis
866 410 912 472 vel
929 411 1081 471 caedentis
1099 413 1148 474 rel

172 497 334 578 vapulantis
354 496 400 558 vel
420 514 614 576 quaecunque
627 497 678 557 ‘ad
699 496 808 577 aliquid
829 494 921 557 relata
944 494 1030 556 aliter
1052 496 1147 558 deno·

171 584 288 644 minatis
304 582 461 643 contrariis
477 591 696 659 comparantur.

145 785 157 824 s
298 773 342 830 De
356 773 509 844 speciebus
524 774 641 827 maioris
656 775 827 843 quantitatis
843 777 870 828 et
885 775 1013 827 minoris.

212 920 301 982 xxii.
346 920 464 980 Maioris
479 936 549 978 vero
564 917 781 996 inaequalitatis
798 921 840 978 ·V·
858 926 926 979 sunt
942 927 1051 996 partes.
1093 920 1145 982 Est

172 1007 249 1066 enim
277 1021 351 1072 una,
380 1020 455 1080 quae
476 1010 598 1062 vocatur
618 1001 788 1080 multiplex,
816 1001 871 1064 alia
893 1004 1145 1081 superparticula-

171 1091 227 1158 ris,
243 1089 330 1150 tertia
345 1088 580 1165 superpartiens,
603 1094 707 1165 quarta
722 1086 876 1165 multiplex
891 1089 1143 1166 superparticula-

171 1175 227 1243 ris,
254 1173 356 1251 quinta
383 1170 533 1249 multiplex
554 1173 785 1250 superpartiens.
831 1172 882 1233 His
903 1173 993 1249 igitur
1012 1172 1147 1252 quinque

133 1277 158 1314 10
172 1257 290 1317 maioris
311 1254 446 1334 partibus
468 1255 622 1334 obpositae
642 1266 711 1318 sunt
733 1255 808 1321 aliae
821 1258 951 1336 quinque
972 1263 1071 1334 partes
1087 1259 1145 1317 mi·

172 1342 268 1409 noris,
291 1338 540 1426 quemadmodum
563 1342 658 1420 ipsum
680 1342 774 1402 maius
790 1342 898 1401 minori
914 1358 1032 1419 semper
1047 1339 1145 1419 obpo-

172 1427 266 1495 nitur,
283 1443 361 1505 quae
375 1425 498 1486 minoris
514 1427 628 1503 species
644 1427 685 1487 ita
700 1424 868 1502 singillatim
885 1425 1041 1503 speciebus
1057 1428 1144 1505 quin·

172 1527 229 1587 que
247 1511 366 1571 maioris
382 1509 441 1584 bis,
464 1526 539 1586 quae
556 1527 646 1587 supra
661 1510 756 1570 dictae
771 1517 855 1578 sunt,
882 1509 1090 1588 obpcnuntur,
1112 1519 1146 1572 ut

172 1595 283 1655 eisdem
305 1593 474 1655 nominibus
490 1603 713 1671 nuncupentur,
737 1594 799 1655 sola
816 1601 928 1654 tantum
944 1594 999 1655 sub
1016 1613 1145 1674 praepo·

133 1695 158 1735 15
171 1680 276 1741 sitione
298 1679 447 1739 distantes.
493 1679 607 1739 Dicitur
634 1679 712 1739 enirn
736 1677 958 1758 submultiplex,
982 1678 1145 1758 subsuper-

171 1763 371 1842 particularis,
398 1762 691 1841 subsuperpartiens,
719 1760 930 1841 submultiplex
959 1767 1144 1842 superparti-

172 1848 278 1910 cularis
299 1857 328 1909 et
354 1846 563 1926 submultiplex
585 1849 817 1927 superpartiens.

170 2038 215 2096 De
234 2041 388 2110 multiplici
410 2041 528 2110 eiusque
546 2039 699 2108 speciebus
720 2054 878 2111 eurumque
897 2041 1142 2112 prosecutionibus.

235 2185 336 2246 XXlll.
382 2185 496 2246 Rursus
516 2185 669 2263 multiplex
691 2193 736 2246 est
755 2187 850 2263 prima
871 2204 939 2264 pars
963 2187 1084 2248 maioris
1100 2189 1143 2246 in·

133 2269 355 2348 inaequalitatis
376 2271 491 2329 cunctis
511 2268 575 2329 allis
591 2269 739 2348 antiquior
754 2280 919 2350 naturaque
936 2272 1141 2348 praestantior,

172 2360 204 2413 ut
219 2352 308 2431 paulo
323 2360 391 2430 post
406 2352 666 2414 demonstrabitur.
703 2355 757 2415 llic
772 2363 868 2416 autem
885 2355 972 2416 buius
989 2356 1072 2416 modi
1088 2364 1141 2424 est,

172 2447 204 2497 ut
220 2445 409 2514 comparatus
425 2455 492 2497 cum
509 2436 603 2497 altero
619 2436 712 2508 illum,
729 2448 834 2500 contra
849 2458 938 2518 quem
955 2449 1143 2517 comparatus

172 2532 231 2591 est,
254 2521 362 2582 habeat
383 2521 449 2600 plus
470 2540 558 2601 quam
579 2521 686 2592 semel;
709 2524 787 2602 quod
803 2525 932 2602 primum
955 2524 1142 2586 innaturalis

239 2761 254 2808 '2
275 2757 397 2808 cedentis
417 2773 441 2820 c,
460 2758 485 2820 d,
505 2758 524 2817 f,
543 2776 565 2823 r,
585 2775 607 2812 s.
681 2760 829 2810 liminaris
852 2760 1019 2825 quantitatis
1039 2764 1069 2810 et
1087 2777 1143 2811 ma-

171 2826 237 2876 ioris
255 2826 276 2878 f.
329 2828 344 2877 6
363 2826 484 2891 quinque
503 2825 528 2887 d,
549 2827 569 2881 f,
593 2823 605 2893 ΙΙ
628 2831 723 2892 partes
742 2831 806 2877 sunt
825 2843 850 2890 a,
871 2844 895 2891 c,
914 2828 934 2890 f,
954 2842 975 2879 e.
1029 2830 1045 2878 9
1064 2829 1104 2879 ·V·
1119 2843 1142 2877 c.

172 2896 203 2943 12
228 2893 388 2958 singulatim
408 2910 431 2947 a.
465 2889 478 2960 ΙΙ
511 2895 550 2946 ·V·
571 2909 602 2956 a,
622 2895 653 2959 b,
674 2911 702 2956 e,
721 2894 743 2952 l,
763 2910 785 2945 s.
864 2897 895 2945 13
919 2896 1142 2960 apponunturb.

171 2963 204 3011 14
222 2961 272 3011 sub
292 2977 338 3015 om.
359 2976 388 3017 aa
411 2978 446 3012 eor
463 2977 534 3013 coru.
552 2964 666 3014 additum
684 2963 709 3015 d.
739 2959 750 3028 ll
780 2963 990 3028 praepositione
1009 2963 1060 3013 sub
1079 2965 1099 3024 f,
1120 2977 1142 3015 a.

172 3031 281 3078 16-17
306 3029 451 3095 multiplex
476 3030 804 3096 subsuperparticularis,
828 3030 974 3096 multiplex
993 3031 1144 3096 subsuper-

170 3097 294 3161 partiens
319 3113 350 3161 a,
372 3098 405 3157 b;
432 3097 577 3163 multiplex
604 3097 920 3164 subsuperparticularis
945 3103 973 3148 et
994 3098 1144 3162 multiplex

170 3164 432 3230 subsuperpartiens
457 3182 484 3227 c,
510 3165 539 3228 d,
564 3166 589 3230 f,
614 3167 636 3229 l,
656 3182 683 3230 r,
703 3181 728 3228 ε,
754 3168 803 3216 sed
818 3167 846 3215 iu
864 3166 881 3215 d
899 3168 950 3216 sub
970 3174 1030 3216 ante
1048 3181 1145 3232 super·

167 3232 348 3296 particularis
367 3241 392 3284 et
410 3234 619 3299 superpartiens
636 3250 731 3284 rasura
748 3236 856 3284 deletum
874 3242 900 3284 et
918 3242 978 3284 ante
996 3234 1143 3298 multiplex

166 3302 277 3364 positum
294 3309 347 3360 est,·
364 3303 391 3352 iu
408 3317 421 3352 s
437 3318 518 3367 supra
536 3301 681 3367 multiplex
699 3301 749 3351 sub
768 3303 881 3352 additum
899 3310 947 3352 est.
1019 3304 1051 3354 18
1073 3302 1143 3352 Titu-

170 3371 209 3418 lus
226 3370 252 3418 in
268 3373 382 3436 margine
399 3371 492 3436 lepitur
509 3371 536 3419 iu
554 3369 580 3422 d.
654 3371 685 3419 21
704 3369 770 3420 Post
787 3373 879 3420 autem
898 3372 995 3420 addunt
1014 3383 1143 3420 numerus

171 3454 196 3500 a,
216 3437 243 3500 b,
263 3439 283 3503 f,
301 3438 320 3494 l,
344 3435 357 3504 ll
380 3436 461 3487 buius
480 3434 565 3503 modi]
583 3452 664 3502 supra
682 3452 780 3488 uersum
798 3453 927 3489 numerus
942 3453 964 3486 r.
1017 3439 1050 3488 22
1071 3452 1144 3488 com·

170 3510 297 3571 paratur,
317 3506 409 3558 omisso
428 3508 484 3567 est,
504 3521 527 3557 c.
