2392 3922
424 807 679 889 ΒΟΕΤΙΙ

121 953 192 1027 DE
220 950 598 1027 INSTITUTIONE
625 950 986 1027 ARITHMETIOA

392 1094 446 1158 LI
458 1093 485 1156 B
498 1093 528 1156 R
540 1092 557 1156 I
584 1093 615 1156 D
628 1092 659 1158 U
671 1094 709 1159 Ο.

480 1251 626 1258 —-—-ae-—-

336 1397 518 1453 NOTARUM
535 1397 763 1452 EXPLICATIO.

64 1536 125 1569 a:
137 1519 223 1571 codex
241 1521 459 1584 Bambergensis
478 1521 528 1572 HI.
546 1521 594 1573 1v.
614 1522 653 1570 12.
674 1521 720 1584 (F,
734 1520 778 1584 20)
798 1536 874 1571 saec.
892 1521 925 1570 X.
945 1521 1036 1587 splen·

85 1616 91 1623 ·
134 1605 274 1656 didissime
294 1611 419 1664 ornatus,
441 1620 521 1670 quem
540 1605 704 1656 Gerbertum
723 1603 757 1654 ed
777 1603 907 1654 Ottonem
925 1607 1036 1656 tertium

133 1689 243 1738 misisse
269 1693 388 1740 maxime
414 1694 458 1740 est
480 1689 641 1739 verisimile.
677 1690 740 1739 Non
762 1693 856 1738 tamen
880 1688 974 1739 eadem
995 1698 1038 1740 est

136 1771 289 1820 lectionum
301 1775 484 1836 praestantia.
502 1773 600 1820 Multis
615 1775 687 1821 enirn
698 1771 767 1821 locis
777 1774 944 1822 correctoris
954 1789 1038 1824 manu

139 1852 293 1903 emendatis
311 1854 385 1903 baud
402 1855 485 1918 pauci
504 1853 668 1903 emendandi
685 1854 777 1902 relicti
795 1859 868 1903 sunt.
902 1855 944 1904 Ex
965 1861 1038 1922 copi-

138 1942 193 1986 tum
212 1938 441 2002 inscriptionibus
465 1937 620 2002 quindecim
644 1937 734 1986 alieno
757 1937 819 1987 loco
837 1942 901 1987 sunt
918 1943 1037 2003 positae.

136 2021 195 2070 Nec
217 2022 358 2071 fortunam
377 2037 494 2087 aequam
513 2013 616 2072 noctus
637 2025 683 2084 est
701 2035 750 2071 sex
773 2019 818 2070 vel
837 2030 943 2087 septem
963 2026 1038 2078 foliis

135 2105 208 2154 inter
226 2105 344 2155 secundi
361 2107 425 2156 libri
445 2111 530 2172 caput
557 2107 726 2156 tricesimum
750 2106 895 2171 septimum
919 2107 946 2154 et
970 2120 1036 2169 quo·

136 2190 320 2264 dragesimam
334 2192 444 2241 tertium
459 2196 487 2242 et
505 2191 601 2242 ultimo
619 2190 687 2242 folio
702 2206 762 2240 cum
776 2189 829 2241 fine
843 2191 943 2257 capitis
957 2191 1035 2256 quiu-

135 2273 289 2339 quagesimi
308 2278 397 2340 quarti
415 2275 576 2343 deperditis.

63 2358 219 2408 b=oodex
237 2359 452 2426 Bembergensis
469 2361 518 2411 HI.
537 2361 583 2410 IV.
605 2363 645 2412 11.
666 2357 713 2424 (F,
729 2362 772 2424 16)
792 2376 866 2412 saec.
884 2363 935 2423 X.‚
957 2363 1034 2413 cuius

133 2442 270 2494 lectiones
283 2443 385 2508 ubique
404 2446 464 2495 fere
483 2450 547 2495 sunt
559 2445 697 2496 meliores.
727 2445 816 2495 Multa
829 2461 937 2512 qnoque
950 2461 1034 2513 supro

133 2541 229 2578 versus
254 2532 282 2576 et
304 2529 333 2578 in
356 2531 480 2595 margine
504 2545 587 2579 manu
610 2546 665 2580 non
688 2529 773 2580 multo
796 2532 950 2580 recentiore
970 2537 1034 2582 suni

134 2611 282 2674 adnotate,
311 2628 381 2677 quae
409 2614 437 2662 in
464 2613 526 2663 aliis
550 2613 692 2665 codicibus
714 2614 760 2664 vel
783 2617 887 2665 maiore
911 2617 956 2667 vel
979 2633 1033 2668 non

132 2695 237 2746 minore
255 2696 455 2761 probabilitate
473 2697 647 2764 legebantur.

61 2779 220 2830 c=codex
237 2780 451 2847 Bambergensis
469 2782 518 2832 HI.
531 2784 580 2835 IV.
594 2785 633 2836 14.
655 2783 698 2847 (F,
712 2782 738 2846 3)
758 2799 833 2834 saec.
853 2785 886 2835 X.
906 2785 1034 2851 pulcher-

132 2866 199 2915 rime
223 2866 356 2931 scriptus‚
380 2881 435 2916 non
458 2866 681 2932 diligentissime.
716 2867 805 2918 Multa
831 2870 902 2918 enim
921 2871 1034 2933 singule.

130 2949 268 2999 vocabulo
287 2955 351 3000 sunt
363 2953 479 3011 omissa,
500 2953 618 3001 maiores
632 2953 750 3001 lacunae
763 2953 942 3002 inveniuntur
955 2953 1034 3018 quin-

134 3048 195 3099 que.
231 3034 347 3100 Propior
364 3038 457 3084 tamen
476 3036 588 3087 accedit
607 3035 642 3085 ad
661 3037 677 3086 b
697 3052 778 3102 qnam
798 3036 834 3086 ad
852 3053 878 3091 a.

58 3117 221 3168 d=codex
238 3118 453 3184 Bembergensis
471 3120 520 3171 HI.
539 3120 587 3170 IV.
608 3123 647 3171 13.
668 3121 710 3185 (F,
730 3119 775 3183 26)
800 3136 875 3171 saec.
901 3123 963 3181 XL,
988 3121 1032 3170 cui

129 3203 170 3251 ita
189 3201 339 3252 similitudo
364 3209 406 3253 est
431 3219 491 3253 cum
512 3220 539 3268 c,
562 3208 594 3253 ut
618 3205 803 3270 compluribus
827 3207 898 3257 locis
917 3206 1033 3256 meliore

129 3286 273 3351 praebeat.
310 3286 399 3338 Multa
423 3304 511 3353 supra
535 3304 631 3338 versus
657 3295 684 3338 et
707 3290 736 3338 in
759 3292 884 3355 margine
911 3289 1033 3340 secundo.

129 3385 212 3419 manu
231 3376 294 3420 sunt
312 3371 417 3425 addita.

94 3467 226 3504 nonnius.
811 3461 827 3514 1
