2392 3922
155 160 215 223 126
445 159 540 214 tusc.
559 161 713 213 norrun.
732 160 774 226 11,
788 165 829 213 aa.

150 339 255 392 natura
277 330 545 402 ratiocinabantur,
568 331 645 390 hano
664 333 793 409 primurn
814 332 903 391 totius
923 331 1027 391 muudi
1048 332 1117 393 sub·

151 416 276 475 stantiae
291 414 463 475 divisionem
485 415 628 475 lecerunt.
660 415 697 475 Et
711 414 794 474 Plato
810 415 928 493 quidem
950 417 980 474 in
997 416 1118 476 Timaeo

151 499 282 559 eiusdem
304 506 426 559 naturae
448 506 477 558 et
492 500 613 560 alterius
631 501 776 568 nominat,
799 500 938 577 quicquid
960 501 1117 561 inmundo

151 590 209 650 est,
240 590 327 660 atque
349 580 427 642 aliud
447 584 476 642 in
498 601 550 643 sua
571 590 676 644 natura
699 600 875 661 permanere
901 592 985 662 putat
1013 585 1118 644 indivi-

110 686 123 725 5
150 668 240 727 duum
262 668 545 747 inconiunctumque
562 675 591 727 et
605 685 707 729 rerum
729 669 859 727 omniurn
879 670 1021 745 primurn,
1045 668 1117 728 alte-

149 769 214 812 rum
231 751 374 812 divisibile
390 759 419 812 et
433 768 585 830 nunquam
601 753 631 810 in
648 753 762 830 proprii
777 760 854 812 statu
870 752 982 811 ordinis
997 770 1117 829 perma-

149 853 232 896 nens.
267 834 415 896 Philolaus
436 853 520 896 vero:
553 835 680 896 Necesse
701 843 759 906 est,
781 837 892 913 inquit,
920 837 1016 895 omnia
1039 853 1116 912 quae

148 928 218 980 sunt
232 918 277 980 vel
292 921 403 979 inlinita
418 937 482 979 esse
494 917 540 978 vel
552 920 646 988 finita,
664 920 869 980 demonstrare
881 920 993 980 scilieet
1005 918 1116 995 volens,

148 1006 263 1073 omnia,
285 1021 479 1082 quaecunque
500 1013 582 1072 sunt,
606 1023 642 1064 ex
662 1004 708 1063 his
730 1002 845 1064 duobus
867 1004 1043 1072 consistere,
1067 1014 1116 1064 aut

109 1109 134 1148 ro
149 1107 184 1147 ex
199 1089 279 1147 linita
296 1086 408 1148 scilicet
424 1105 488 1148 esse
505 1095 555 1148 aut
570 1107 606 1148 ex
620 1089 747 1158 infinita,
765 1089 801 1149 ad
814 1091 931 1148 numeri
946 1091 1010 1150 sine
1025 1088 1115 1148 dubio

148 1171 377 1232 similitudinem.
418 1171 471 1231 Hic
492 1174 571 1233 enim
592 1191 628 1232 ex
649 1191 709 1234 uno
731 1182 760 1233 et
780 1173 896 1233 duobus
912 1180 941 1233 et
959 1174 1056 1250 inpari
1073 1182 1114 1232 at-

147 1274 205 1333 que
226 1258 291 1332 pari
313 1256 515 1333 coniungitur,
549 1275 624 1334 quae
653 1258 805 1318 manifesta
834 1265 904 1318 sunt
930 1255 1113 1333 aequalitatis

147 1347 235 1418 atque
250 1338 479 1416 inaequalitatis,
503 1341 635 1402 eiusdem
649 1351 738 1419 atque
758 1341 893 1408 alterius,
916 1339 1053 1400 delinitae
1070 1347 1111 1398 at·

146 1441 204 1501 que
219 1424 387 1484 indefinitae
403 1441 468 1485 esse
482 1425 675 1487 substantiae.
713 1424 797 1494 Quod
819 1423 954 1486 videlicet
969 1441 1028 1483 non
1050 1425 1114 1483 sine

107 1525 131 1565 15
148 1525 233 1568 causa
250 1508 360 1567 dictum
377 1515 435 1577 est,
457 1511 569 1579 omnia,
592 1529 667 1588 quae
683 1528 719 1570 ex
735 1506 890 1571 contrariis
907 1510 1111 1576 consisterent,

146 1594 278 1652 armonia
302 1592 427 1669 quadam
450 1594 591 1672 coniungi
606 1602 694 1673 atque
714 1595 862 1672 componi.
898 1591 951 1653 Est
971 1594 1049 1653 enim
1066 1612 1113 1654 ar-

145 1677 243 1737 monia
259 1675 453 1755 plurimorum
470 1676 609 1739 adunatio
626 1687 655 1740 et
670 1679 875 1740 dissidentium
892 1679 1056 1738 consensio.

144 1867 195 1923 Ex
221 1868 346 1924 eiusdem
369 1874 456 1940 atque
482 1870 605 1924 atterius
627 1872 741 1925 numeri
763 1873 871 1923 natura
894 1870 1025 1939 quisunt
1039 1884 1111 1939 qua·

143 1954 248 2008 dratus
283 1959 311 2008 et
339 1957 430 2023 parte
460 1954 555 2016 attera
590 1955 715 2026 lonptor,
758 1967 855 2009 omnes
891 1956 1112 2022 proportionum

105 2046 130 2086 no
449 2037 633 2092 habitudines
659 2043 804 2094 constare.
1109 2038 1110 2041 ’

205 2166 331 2227 XXXlll.
361 2165 563 2244 Disponantur
585 2185 656 2244 ergo
670 2170 700 2227 in
724 2167 858 2227 ordinem
875 2184 935 2226 non
949 2167 1007 2225 iam
1021 2183 1110 2244 pares

142 2260 230 2328 atque
251 2253 387 2328 inpares,
412 2269 448 2310 ox
471 2250 577 2326 quihus
604 2251 739 2329 quadrati
767 2251 811 2311 vel
832 2258 916 2328 parte
937 2249 1029 2311 altera
1044 2248 1109 2308 lon-

140 2337 240 2409 giores
254 2336 341 2403 liunt,
365 2335 417 2394 sed
432 2333 464 2393 hi
479 2335 551 2413 ipsi,
575 2337 624 2413 qui
644 2333 701 2395 illis
717 2337 897 2396 coacervatis
912 2336 942 2396 in
957 2352 1109 2411 unumque

140 2418 268 2479 redactis
291 2425 320 2478 et
340 2418 476 2495 quadrati
497 2424 526 2477 et
546 2426 630 2495 parte
655 2417 745 2479 altera
770 2418 922 2496 longiores
948 2419 1107 2497 prodeunt.

101 2523 126 2561 m
140 2501 181 2561 lta
203 2503 281 2560 enim
307 2500 471 2562 videbimus
492 2504 616 2562 istorum
644 2505 790 2580 quendam
815 2520 991 2564 consensum
1019 2501 1107 2562 etad

140 2592 254 2645 ceteras
269 2586 386 2645 numeri
400 2592 500 2664 partes
515 2588 715 2664 procreandas
730 2589 904 2656 amicitiam,
920 2593 952 2646 ut
967 2603 1028 2645 non
1043 2587 1108 2645 sine

140 2687 226 2728 causa
248 2669 356 2728 hocin
383 2669 520 2730 omnibus
546 2671 636 2731 rebus
663 2671 699 2732 ab
726 2675 843 2732 numeri
875 2672 974 2748 specie
1000 2676 1108 2730 natura

137 2771 238 2812 rerum
255 2754 416 2833 sumpsisse
430 2753 573 2816 rideatur.
600 2755 665 2816 Sint
679 2756 769 2834 igitur
784 2757 843 2816 duo
861 2773 962 2816 versus
977 2763 1108 2831 tetrago-

207 2940 220 2987 1
240 2935 322 3003 hanc]
342 2939 408 2988 huic
427 2955 496 2990 corr.
515 2942 541 2989 in
559 2940 631 2990 hano
649 2941 680 3003 d;
699 2942 834 2991 hoccorr.
853 2942 880 2990 in
892 2940 965 2989 hanc
984 2955 1006 2988 r.
1017 2934 1035 3003 ΙΙ
1051 2938 1106 3002 pri·

137 3021 209 3056 mum
229 3022 253 3056 c.
323 3007 484 3057 2ieoerant
502 3023 523 3057 r.
611 3012 643 3060 10
661 3006 749 3073 linita]
774 3024 854 3072 supra
871 3023 983 3058 uersum:
1005 3009 1106 3054 natura

135 3075 166 3135 b,
187 3089 212 3135 r,
232 3089 256 3123 s.
278 3075 446 3125 Verisimitius
464 3082 503 3125 est
519 3077 648 3126 excidisse
665 3077 812 3126 uocabulum
830 3075 988 3125 substantia
1010 3068 1023 3137 ΙΙ
1044 3087 1106 3121 esse

136 3156 183 3193 om.
203 3157 224 3192 s.
248 3137 261 3207 ll
284 3140 402 3207 infinita]
422 3142 514 3206 finito,
532 3144 562 3192 in
580 3159 616 3194 eac
633 3160 702 3197 corr.
721 3146 781 3194 add.
801 3160 823 3193 r.
902 3145 932 3192 12
951 3139 1104 3204 aequitatis

135 3207 164 3268 d,
184 3208 207 3269 l,
227 3224 248 3258 r.
317 3211 349 3259 17
369 3210 591 3260 dissentientium
610 3227 633 3276 e,
652 3211 672 3274 f,
691 3211 710 3275 l,
730 3227 753 3262 s.
823 3212 854 3262 18
873 3210 997 3272 Inscript.
1016 3223 1063 3257 om.
1078 3221 1102 3267 c,

135 3275 160 3325 d.
185 3272 197 3340 ΙΙ
219 3276 263 3326 Ex
281 3276 403 3326 eiusdem
513 3277 621 3342 longior
643 3294 737 3329 omnes
761 3295 807 3332 om.
827 3293 849 3328 s.
873 3273 886 3342 ΙΙ
910 3277 955 3342 qui
973 3277 1037 3323 sunt
1055 3289 1102 3323 om.

135 3358 165 3403 a,
186 3344 233 3407 qui
251 3348 295 3394 est
312 3343 344 3407 b,
363 3344 383 3395 l.
407 3341 419 3410 ll
443 3343 485 3411 et]
504 3362 539 3397 ox
558 3362 583 3410 a,
603 3346 623 3396 f.
703 3349 736 3397 20
755 3349 819 3398 Post
837 3349 965 3397 constare
983 3343 1057 3392 addit
1075 3356 1102 3389 s:

136 3425 170 3460 ex
189 3411 312 3461 eiusdem
331 3415 437 3472 etalio,
462 3430 527 3479 quae
545 3421 707 3464 evanuerunt.
810 3415 842 3463 21
861 3410 990 3464 XXXIII.
1015 3425 1062 3466 om,
1083 3408 1102 3457 l.

135 3480 167 3528 23
186 3477 215 3527 hi
233 3495 328 3528 rasura
345 3482 452 3530 deletum
471 3497 495 3532 c.
564 3482 597 3530 28
615 3482 835 3546 praesumpsisse
854 3496 875 3533 s.
1084 3496 1086 3500 ·
