2392 3922
334 164 425 219 INST.
443 164 596 215 ARITHM.
616 166 658 228 11,
679 165 871 222 OAPI'IULA.
1044 167 1086 232 '¹15

186 337 293 392 XXXlll.
318 339 355 394 Ex
376 339 495 394 eiusdem
517 347 601 410 atque
623 337 735 394 alterius
762 342 868 397 numeri
894 349 1003 404 natura,
1037 344 1083 416 qui

319 432 383 478 sunt
405 423 553 496 quadratus
581 431 609 477 ct
632 431 709 495 parte
737 422 822 478 altera
844 422 967 497 longior,
990 443 1083 482 omnes

318 510 528 579 proportionum
544 505 718 561 habitudines
735 515 871 562 constare.

151 640 154 645 .
177 591 293 646 XXXllil.
318 591 395 659 Quod
422 609 454 646 ex
480 590 620 663 quadratis
646 598 673 644 et
698 598 775 662 parte
802 591 886 646 altera
911 591 1084 666 longioribus

318 675 407 731 omnis
424 675 573 730 formarum
594 674 666 729 ratio
683 676 824 731 consistat.
1097 691 1110 730 s

198 758 296 814 XXXV.
321 759 552 826 Quemadmodum
575 758 700 830 quadrati
722 767 852 831 exparte
874 760 958 815 altera
978 761 1085 833 longio-

320 842 395 897 ribus
412 843 453 898 vel
464 851 541 915 parte
556 842 640 898 altera
653 842 795 915 longiores
812 861 845 899 eu
857 844 996 916 quadratis
1012 843 1085 900 fiant.

189 926 298 980 XXXVl.
322 926 399 994 Quod
418 926 604 1000 principaliter
627 926 747 981 eiusdem
769 927 880 1000 quidem
902 928 938 983 sit
961 927 1086 983 substan·

323 1012 374 1066 tiae
403 1012 504 1072 unitas,
527 1010 645 1067 secundo
668 1027 732 1066 vero
760 1011 822 1067 loco
839 1012 948 1085 inpares
970 1013 1085 1074 numeri,

322 1096 400 1149 tertio
417 1095 540 1167 quadrati
553 1103 581 1149 et
597 1094 670 1167 quod
682 1096 871 1168 principaliter
883 1097 1001 1151 dualitas
1017 1097 1084 1152 alte·
1098 1111 1123 1150 1o

317 1179 374 1233 rius
390 1177 426 1233 sit
441 1178 622 1239 substantiae,
639 1178 758 1234 secundo
774 1195 838 1236 vero
854 1180 915 1236 loco
936 1197 1017 1254 pares
1033 1198 1084 1237 nu·

317 1264 394 1333 meri,
411 1264 493 1318 tertio
510 1271 587 1335 purte
603 1261 688 1318 altera
703 1262 853 1338 longiores.

171 1345 292 1401 XXXVll.
317 1346 478 1402 Alternatim
498 1348 598 1419 positis
620 1347 754 1419 quatratis
776 1357 803 1404 et
823 1356 900 1422 parte
921 1349 1006 1405 altera
1022 1349 1082 1405 lon·

316 1429 439 1504 gioribus
464 1432 511 1502 qui
534 1432 570 1486 sit
591 1448 687 1486 eorum
703 1448 853 1488 consensus
877 1435 904 1488 in
920 1433 1080 1489 differentiis

243 1515 245 1532 ¹
315 1523 342 1570 et
357 1517 384 1570 in
399 1515 638 1588 proportionibus.
1096 1532 1120 1571 15

161 1598 288 1655 XXXVlil.
312 1598 439 1655 Probatio
456 1599 604 1671 quadratos
620 1599 741 1655 eiusdem
757 1615 817 1655 esse
833 1608 956 1656 naturae.

149 1682 291 1739 XXXVllll.
315 1683 402 1756 Cybus
425 1683 546 1739 eiusdem
568 1685 732 1756 participare
754 1684 937 1747 substantiae,
959 1685 1030 1758 qnod
1048 1684 1081 1740 ab

314 1767 455 1840 inparibus
471 1776 629 1822 nascantur.

241 1851 292 1904 XL.
315 1851 349 1904 be
370 1850 684 1921 proportionalitatibus.

230 1933 294 1989 Xbl.
317 1933 390 2000 Quae
405 1933 475 2006 apud
492 1934 621 2005 antiquos
637 1933 880 2007 proportionalitas
896 1934 992 1994 luerit,
1015 1950 1081 2005 quas
1095 1949 1120 1990 20

318 2017 487 2089 posteriores
504 2015 664 2071 addiderint.

222 2099 296 2155 XLll.
321 2100 398 2168 Quod
419 2100 538 2172 primum
560 2100 593 2155 de
616 2117 661 2160 ea,
688 2115 757 2172 quae
778 2107 890 2155 vocatur
912 2100 1083 2156 arithmetica

317 2183 577 2257 proportionalitas,
599 2183 742 2239 dicendum
759 2185 803 2239 sit.

104 2331 208 2393 seriore
227 2346 248 2382 r.
336 2331 499 2384 IXXXIII.
525 2332 566 2380 Ex
585 2330 707 2380 eiusdem
728 2333 753 2379 iu
771 2332 884 2396 murqine
902 2347 923 2380 r.
953 2327 964 2396 Η
995 2335 1022 2382 et
1041 2347 1060 2386 r.
1073 2330 1081 2397 Η

109 2399 218 2447 numeri
236 2415 282 2450 om.
303 2414 324 2452 r.
376 2396 478 2463 2sunt]
500 2402 543 2446 est
559 2400 586 2459 b,
599 2398 617 2447 l.
647 2395 659 2463 Η
688 2395 727 2462 et]
747 2414 780 2448 ex
799 2415 823 2457 a,
837 2414 860 2457 c,
873 2415 894 2451 r.
919 2395 930 2464 Η
954 2400 1041 2449 omnis
1055 2400 1080 2448 d.

110 2467 127 2514 4
147 2469 175 2514 et
193 2481 239 2515 ont.
260 2480 283 2528 c,
305 2481 357 2527 aa,
377 2481 410 2514 ac
430 2481 452 2514 s.
498 2468 513 2515 5
532 2467 597 2516 Post
615 2466 701 2515 omnis
720 2468 793 2516 addit
812 2466 929 2518 XXXV·
949 2482 969 2517 s.
986 2463 997 2532 Η
1015 2483 1079 2518 con-

110 2533 187 2581 sistit
204 2534 236 2593 b,
256 2533 278 2594 l,
299 2548 324 2595 ες
346 2537 455 2582 constat
473 2534 492 2582 1.
580 2533 746 2582 cxxxvi·
765 2548 786 2582 s.
810 2529 824 2600 Η
851 2530 952 2600 altera]
974 2539 1038 2584 ante
1057 2550 1078 2585 s.

108 2599 127 2648 8
150 2599 277 2650 XXXVI.
306 2617 351 2650 om.
381 2616 411 2664 a,
439 2607 566 2665 totumque
589 2602 653 2650 bunc
676 2604 770 2650 titutum
799 2604 969 2665 praecedenti
997 2605 1079 2652 addit.

109 2665 251 2720 XXXVII.
272 2683 294 2716 c.
365 2670 458 2718 9-12
483 2668 603 2718 secundo
623 2705 629 2717 .
648 2705 655 2719 .
675 2704 681 2717 .
704 2668 845 2734 longiores
867 2685 914 2720 otu.
935 2686 958 2720 c.
989 2666 1000 2734 Η
1029 2672 1078 2719 im·

109 2734 186 2797 paris
205 2751 236 2798 a,
256 2734 281 2796 d,
301 2749 322 2786 r.
394 2738 425 2786 10
443 2736 526 2786 tertIo
544 2751 610 2784 vero
629 2735 647 2784 l.
675 2731 687 2801 Η
716 2736 845 2800 quadrati
929 2738 1013 2787 tertio
1031 2753 1078 2789 om.

111 2817 136 2848 a.
160 2796 172 2865 Η
196 2802 340 2866 quadratis
358 2818 379 2850 r.
415 2848 417 2853 ,
439 2805 469 2851 11
483 2804 603 2853 secundo
621 2817 687 2853 vero
706 2803 768 2854 loco
788 2839 814 2858 ..
831 2804 1012 2868 ..longiores
1032 2821 1078 2855 oni.

105 2868 140 2928 b,
165 2867 187 2930 l,
212 2884 234 2918 s.
262 2865 276 2934 Η
303 2870 379 2933 paris
402 2869 430 2931 d,
457 2885 477 2918 r.
507 2866 518 2935 Η
546 2871 653 2920 numeri
676 2886 722 2923 om.
746 2887 767 2919 r.
805 2873 835 2920 12
850 2870 975 2935 longiore
999 2888 1033 2936 a,
1058 2888 1080 2924 r.

110 2937 142 2985 13
160 2934 286 2986 XXXVI.
307 2951 335 2999 a,
355 2939 461 3002 itemque
480 2938 552 3000 iufra
569 2941 662 3003 reliqui
679 2940 776 2988 numeri
792 2940 817 2986 iu
837 2953 866 2999 a,
890 2955 939 2989 rino
957 2945 1016 2988 suut
1032 2940 1076 2988 mi·

108 3018 200 3058 nores:
223 3003 370 3054 XXXVIII
388 3019 416 3067 s,
439 3007 545 3069 itemque
568 3007 661 3070 reliqui
678 3007 775 3055 numeri
796 3022 845 3056 uno
863 3008 980 3058 maiores.
1005 3002 1017 3072 Η
1041 3009 1077 3068 (11Ι

105 3085 144 3119 ex
164 3086 188 3118 c.
265 3073 296 3120 14
320 3086 390 3136 quoe
416 3080 441 3122 et
463 3088 544 3136 supra
567 3088 600 3122 ae
623 3089 675 3123 sec.
699 3089 773 3122 mauu
796 3073 807 3121 i
830 3089 850 3122 r.
878 3069 891 3137 Η
920 3088 1014 3122 eorum
1034 3074 1080 3136 qui

106 3138 183 3186 sitc.
238 3140 270 3188 15
287 3139 316 3187 in
334 3155 382 3190 om.
402 3155 427 3202 a,
445 3140 472 3205 b,
492 3140 509 3202 1,
529 3155 553 3190 s.
607 3142 638 3189 16
658 3139 780 3188 ciusdem
799 3144 915 3190 naturae
934 3154 995 3189 esse
1013 3141 1040 3200 b,
1059 3137 1079 3189 l.

109 3207 141 3254 17
160 3204 252 3254 Oubos
272 3206 290 3262 1,
310 3221 331 3255 s.
354 3202 366 3272 Η
390 3207 513 3257 eiusdem
531 3209 702 3272 participare
723 3207 845 3257 eiusdem
866 3223 896 3269 a,
921 3221 945 3254 c.
974 3202 986 3271 Η
1010 3206 1080 3255 sub·

106 3274 213 3321 stantia
233 3273 258 3322 d.
287 3269 299 3338 Η
328 3274 362 3323 ab
388 3291 433 3325 otu.
457 3275 488 3337 b,
512 3275 530 3324 l.
613 3277 645 3325 18
663 3275 777 3338 imparis
796 3291 818 3323 r.
849 3271 860 3339 Η
890 3277 1041 3321 nascuntur
1060 3273 1079 3320 f.

108 3340 141 3388 19
159 3340 411 3404 proportionalibus
429 3342 455 3394 d.
491 3344 523 3391 20
543 3346 610 3404 aput
624 3357 646 3391 s.
671 3337 682 3406 Η
707 3342 877 3405 antiquiores
890 3341 916 3402 b,
931 3339 949 3387 l.
986 3342 1080 3388 22νο-

108 3409 209 3455 cantur
228 3423 251 3459 c.
322 3411 355 3458 23
374 3409 520 3459 dicendum
539 3413 581 3458 est
600 3425 625 3470 a,
645 3424 671 3471 ο,
689 3408 715 3471 d,
736 3408 756 3468 f,
777 3423 797 3468 r,
819 3406 1016 3471 speculandum
1037 3410 1080 3453 est

108 3489 138 3537 a,
157 3474 358 3538 speculandum
377 3477 414 3524 sit
431 3479 463 3540 b,
481 3476 499 3523 l.
