2392 3922
376 153 469 212 msr
487 155 639 207 amum.
658 156 699 218 11,
719 159 760 207 24.
991 156 1052 222 109

82 339 161 400 quae
181 322 278 420 prima
298 325 428 401 pyramis
449 331 507 393 est,
535 342 626 384 unum
654 322 763 393 solum,
791 323 818 383 id
842 333 937 387 estse
957 328 1051 406 ipsam

83 407 188 484 gerit
180 423 210 465 rn
231 405 340 476 latere,
367 409 501 485 quinaria
524 426 608 477 vero,
636 426 711 487 quae
737 415 852 468 constat
880 428 915 469 ex
941 430 1000 471 uno
1023 421 1052 472 et

82 496 237 569 quattuor,
261 491 377 553 duobus
397 511 451 571 per
473 491 565 553 latera
581 492 767 568 designatur,
792 500 821 551 et
837 492 952 561 Xllll·,
975 513 1051 573 quae

84 573 227 635 extribus
240 578 372 637 numeris
384 577 556 653 compositis
571 575 640 644 tit,t
642 577 758 636 ernario
775 594 900 636 numero
915 578 945 636 in
958 577 1051 639 latere

81 659 177 737 posito
200 661 400 720 constituitur.
445 660 527 719 Hauc
553 668 649 719 autem
678 660 864 738 pyramidum
887 664 1076 737 generatio-a

81 759 150 803 nem
166 751 311 804 monstrat
326 742 459 803 subiecta
476 743 645 819 descriptio,

85 860 308 938 Tetragoni.
374 872 377 884 ’

80 981 102 1042 I
115 978 179 1039 IIII
193 977 279 1038 Vllll.
293 977 365 1038 XVI.
379 977 462 1038 XXV.
477 977 599 1039 XXXVI.
613 979 686 1040 XLI
688 980 750 1040 llll
762 980 874 1041 LXIlll.
884 980 1010 1041 LXXXI
1019 979 1049 1040 C

145 1095 317 1174 Pyramides
333 1115 347 1156 a
366 1098 534 1174 tetragonis.

79 1215 101 1276 r.
133 1215 165 1273 v.
197 1213 286 1273 xltll.
317 1190 404 1274 xxi.
432 1213 710 1360 uphcrpcpxppn.
730 1215 838 1277 cum.
867 1215 1049 1278 cccxxxv.
1064 1235 1089 1272 10

79 1416 117 1477 m
144 1415 180 1476 ad
207 1415 333 1475 eundem
365 1417 486 1476 modum
520 1425 644 1477 cunctae
670 1436 686 1478 a
713 1420 818 1479 ceteris
848 1419 1050 1496 multiangulis

79 1498 233 1578 proiectae
254 1499 367 1559 formae
387 1501 418 1559 in
440 1499 552 1560 altioris
572 1519 704 1563 summae
726 1505 816 1580 spatia
834 1503 1047 1582 producuntur.

79 1583 185 1645 OmnIs
207 1585 285 1644 enim
307 1582 466 1645 multorum
489 1584 665 1683 angulorum
689 1586 781 1647 lorma
803 1605 839 1646 ex
863 1589 908 1648 sui
931 1591 1049 1665 generis

79 1668 174 1745 figura
195 1668 300 1728 unitati
315 1670 499 1746 superposita
515 1669 552 1729 ab
568 1689 627 1730 uno
648 1671 884 1749 ingredientibus
906 1672 941 1731 ad
963 1690 1048 1751 pyra·
1064 1690 1088 1728 15
1161 1714 1167 1725 .

80 1750 194 1813 midum
211 1753 432 1813 constituendas
448 1755 558 1830 tiguras
573 1771 667 1831 usque
682 1757 712 1814 in
729 1757 838 1815 infinita
861 1756 1049 1832 progreditur

80 1844 110 1897 et
131 1855 168 1897 ex
188 1836 245 1896 hoc
266 1838 402 1913 equidem
425 1855 570 1913 apparere
591 1855 712 1898 necesse
728 1848 785 1906 est,
811 1839 972 1915 triangulas
989 1840 1048 1897 lor-

80 1937 143 1981 mas
164 1929 331 1981 ceterarum
352 1921 514 1998 figurarum
537 1939 601 1981 esse
627 1923 819 1999 princlpium,
848 1921 927 1996 quod
954 1924 1049 1981 omnis

79 2005 210 2084 pyramis
231 2021 246 2062 a
268 2022 445 2084 quacunque
472 2003 536 2063 basi
557 2005 689 2082 prolecta
717 2003 797 2064 vela
819 2003 977 2080 quadrato,
1005 2005 1049 2064 vel

79 2107 95 2149 a
123 2098 306 2166 pentagono,
338 2087 383 2148 vel
409 2087 445 2148 ab
474 2103 621 2163 exagono,
653 2086 697 2147 vel
723 2087 759 2146 ab
787 2095 932 2165 eptagono
961 2086 1006 2147 rel
1034 2106 1087 2147 aro

79 2190 257 2252 quocunque
283 2172 420 2233 similium
447 2171 517 2231 solis
546 2170 700 2250 triangulis
727 2189 820 2249 usquc
847 2171 882 2230 ad
911 2172 1047 2232 verticem

80 2258 257 2318 continetur.

389 2397 433 2452 De
455 2400 547 2452 curtis
566 2399 734 2469 pyramidis.

143 2543 260 2604 XXIIII.
307 2542 508 2603 Scire-autem
526 2551 657 2620 oportet,
680 2562 756 2621 quac
772 2545 829 2604 sint
845 2536 950 2604 curtae*
961 2560 1047 2622 pyra·

78 2627 188 2696 mides,
205 2626 250 2687 vel
267 2643 341 2703 quae
357 2626 403 2686 bis
419 2636 534 2696 curtae,
552 2626 596 2687 vel
612 2646 687 2706 quae
703 2636 749 2689 ter
766 2634 866 2690 curtae
883 2628 927 2719 vel
944 2635 1048 2706 quater
1061 2642 1087 2682 as

147 2812 301 2876 2quinque
320 2827 350 2872 a,
369 2812 398 2873 d,
420 2811 443 2874 f,
464 2827 484 2865 r.
508 2808 520 2877 ΙΙ
549 2817 680 2862 constant
698 2829 724 2876 a,
744 2812 768 2874 d,
789 2829 810 2862 r.
868 2812 973 2863 3·IIII·
994 2828 1017 2864 c.
1034 2809 1047 2876 ll

79 2878 315 2944 designanturd,
340 2880 364 2941 Ι,
387 2895 408 2928 r
449 2876 461 2944 ll
502 2879 769 2944 quattuordecimf
850 2880 1048 2930 4ternariir.

80 2946 328 3010 dpyremidamc.
382 2942 1046 3012 rretragoniom.d.8XLv1111......0]

79 3013 210 3064 XXVIII.
235 3014 360 3065 XXXVI.
383 3015 466 3066 XLV.
489 3015 547 3064 LV.
574 3029 596 3063 c
672 3016 702 3062 ll
722 3011 937 3064 --GOOLXXXV
961 3030 1008 3065 orn.
1029 3013 1049 3062 Ι

79 3083 111 3131 12
131 3096 148 3130 a
166 3080 258 3131 om..d
328 3083 361 3130 20
379 3083 442 3132 Post
460 3097 585 3146 exagono
608 3079 751 3142 addenti,
777 3095 802 3130 s:
832 3077 1048 3146 1terduxer1tll

78 3148 177 3199 veleb
197 3152 335 3214 eptagono
353 3165 400 3199 orn
414 3150 438 3210 Ι,
459 3149 503 3198 vel
522 3148 557 3198 ab
576 3153 734 3213 pentagono
752 3149 807 3197 iter
824 3148 931 3197 dixerat
949 3149 995 3198 vol
1014 3149 1049 3198 ab

79 3220 218 3280 eptegono
237 3232 262 3277 r
285 3216 331 3266 vel
353 3216 388 3266 ab
412 3220 548 3281 eptagono
572 3218 626 3265 iter
644 3216 760 3265 duxerat
779 3231 804 3265 a.
873 3217 906 3264 23
924 3215 1049 3280 Inscript.

78 3298 126 3333 om.
146 3283 175 3346 d3
204 3285 230 3332 in
249 3298 266 3332 a
284 3286 376 3348 lapiton
398 3285 532 3347 inscriptio
555 3284 685 3348 sequentia
708 3284 808 3345 capitia.
878 3285 912 3332 24
929 3283 1048 3334 XXIIII.

77 3366 125 3400 om.
145 3366 170 3411 r;
195 3351 280 3402 XXV.
299 3366 329 3413 εις
354 3352 458 3403 XXIII.
477 3351 499 3401 l.
531 3347 543 3417 ll
577 3348 678 3415 eutem]
698 3349 769 3400 haec
788 3366 801 3400 r
818 3366 854 3402 ear
870 3366 954 3414 praua
971 3355 1049 3400 inter-

77 3420 225 3482 pretatione
249 3421 403 3483 compendii,
448 3435 480 3470 uo
502 3421 662 3483 sipnifieatnr
685 3422 786 3469 autem.
861 3420 894 3469 25
912 3417 957 3468 vel
977 3432 1047 3482 quoe

78 3490 122 3534 ter
145 3489 240 3535 curtae
263 3485 308 3536 vel
331 3437 447 3552 (μιαΙετΙ
467 3486 513 3538 rel
535 3490 578 3536 ter
599 3484 644 3537 vel
667 3491 768 3551 quater
787 3503 816 3548 a
840 3484 887 3536 vel
911 3498 981 3547 quae
1005 3488 1048 3532 tor
