2392 3922
377 154 469 207 mer.
487 155 639 206 Antrum.
659 155 699 216 11,
718 156 742 204 4.
1006 152 1048 217 89

76 327 148 388 illud
165 345 220 387 suo
237 327 356 386 nomine
378 324 505 384 solidum
527 330 659 383 vocetur.
696 323 774 384 Haec
797 325 874 384 enim
895 327 951 385 trie
967 328 1045 386 circa

78 429 166 473 omne
188 427 296 488 corpus
322 407 514 487 inseparabili
536 409 742 468 coniunctione
764 415 934 476 versantur,
965 419 995 470 et
1016 410 1046 468 in

79 504 184 555 natura
201 511 360 571 corporum
378 493 536 552 constituta
552 500 629 552 sunt.
661 492 758 562 Quare
775 493 913 569 quicquid
929 510 988 552 uno
1003 495 1047 552 in·

79 578 201 640 tervallo
217 587 312 646 caret,
335 576 408 638 illud
431 595 540 654 corpus
562 574 689 635 solidum
706 593 765 635 non
786 584 839 636 est.
877 576 950 637 Nam
966 577 1044 656 quod

79 665 136 724 duo
163 662 223 724 sola
246 660 406 722 intervalla
426 662 546 728 retinet,
575 659 645 719 illud
674 660 846 737 superficies
871 660 1074 737 appellatur.⁵

79 748 182 808 Omnis
198 748 276 806 enim
294 746 465 821 superficies
484 743 543 803 sola
565 741 749 820 longitudine
766 751 795 803 et
809 743 961 804 latitudine
978 762 1047 804 con-

77 834 197 892 tinetur.
224 831 261 890 Et
277 830 325 889 bic
342 828 444 888 eadem
461 827 508 886 illa
525 829 676 888 conversio
692 835 836 888 remanet.
859 827 953 888 Omne
969 829 1048 889 enim

79 916 157 994 quod
181 914 354 990 superficies
376 921 433 979 est,
457 910 667 989 longitudinem
685 919 714 971 et
728 911 912 973 latitudinem
929 914 1047 980 retinet,

80 1007 109 1058 et
131 998 208 1077 quod
231 997 305 1056 baec
328 998 448 1066 retinet,
473 995 542 1056 illud
568 1004 611 1056 est
633 996 814 1074 superficies,
850 997 930 1056 Haec
951 1003 1047 1058 autem

79 1083 253 1160 superficies
274 1097 334 1141 uno
356 1088 466 1140 tanturn
489 1078 640 1140 intervallo
662 1080 746 1140 solidi
768 1082 905 1160 corporis
927 1081 1048 1141 demen·
1063 1092 1090 1131 10

78 1169 162 1226 sione
179 1172 349 1243 superatur,
367 1182 443 1242 quae
459 1182 518 1224 uno
534 1183 639 1225 rursus
655 1163 808 1225 intervallo
824 1164 932 1225 lineam
951 1166 1046 1234 vincit

77 1269 153 1329 quae
169 1248 361 1325 longitudinis
381 1256 516 1310 naturam
538 1249 670 1309 retinens
685 1248 845 1309 latitudinis
866 1268 972 1328 expers
988 1256 1046 1317 cst;
1129 1316 1138 1323 g

77 1354 152 1413 quae
175 1333 267 1403 linea,
290 1332 369 1408 quod
392 1335 482 1393 unius
504 1341 549 1392 est
567 1332 714 1394 intervalli
739 1335 841 1394 sortita
864 1342 1012 1403 naturam,
1031 1352 1047 1394 a

77 1418 235 1498 superficie
253 1435 311 1476 uno
326 1416 496 1487 intervallo,
513 1435 529 1477 a
546 1417 693 1479 soliditate
709 1417 942 1496 dnobusepatiis
956 1419 1046 1478 vinci·

74 1513 135 1563 tur.
168 1503 313 1562 Punctum
336 1503 424 1576 igitur
447 1501 503 1560 alio
525 1520 630 1562 rursus
651 1502 805 1562 intervallo
827 1522 841 1562 a
864 1502 940 1562 linea
955 1504 1045 1561 vinci·
1061 1512 1088 1551 15

77 1596 139 1656 tur,
160 1588 221 1663 ipsa
237 1584 367 1652 scilicet,
386 1604 461 1662 quae
477 1585 589 1664 reliqua
607 1594 665 1654 est,
687 1585 879 1664 longitudine.
911 1585 1007 1655 Quare
1024 1587 1048 1645 si

78 1679 221 1749 punctum
252 1686 312 1728 uno
340 1671 460 1748 quidem
487 1669 640 1730 intervallo
671 1679 686 1730 a
712 1669 788 1731 linea
816 1671 1047 1749 supergreditur,

76 1755 155 1815 idem
182 1773 197 1814 a
223 1754 379 1831 superficie
400 1756 527 1814 vincitur
548 1755 678 1823 duobus,
701 1754 797 1815 tribus
817 1773 887 1815 vero
903 1753 1048 1815 intervalli

79 1836 322 1900 demensionibus
343 1857 358 1896 a
381 1837 528 1899 soliditate
549 1839 741 1916 relinquitur,
769 1848 884 1899 constat
905 1848 1047 1916 punctum

79 1927 180 2000 ipsum
195 1923 260 1980 sine
275 1919 333 1979 ulla
350 1925 483 2000 corporis
500 1924 700 2000 magnitudine
713 1923 757 1983 vel
769 1923 914 1984 intervalli
927 1925 1047 1984 demen·
1062 1935 1089 1974 20

81 2009 183 2074 sione,
207 2023 274 2063 cum
299 2013 329 2064 et
350 2003 542 2080 longitudinis
563 2016 592 2067 et
614 2006 774 2071 latitudinis
795 2016 825 2067 et
839 2009 1048 2087 profunditatis

79 2107 189 2169 expers
210 2090 263 2156 sit,
288 2091 418 2149 omnium
434 2090 654 2152 intervallorum
673 2110 736 2152 esse
758 2094 934 2170 principium
952 2100 981 2152 et
996 2111 1047 2151 na·

78 2184 146 2236 tura
168 2170 343 2244 insecabile,
375 2174 452 2250 quod
470 2175 574 2236 Graeci
598 2184 718 2236 atomon
744 2185 862 2247 vocant,
890 2178 918 2237 id
943 2186 986 2237 est
1008 2179 1046 2236 ita

79 2259 262 2319 deminutum
279 2265 368 2336 atque
383 2261 605 2338 parvissimum,
628 2269 661 2320 ut
676 2262 739 2321 eius
759 2279 827 2338 pars
848 2262 972 2322 inveniri
989 2278 1048 2319 non

78 2345 179 2423 possit.
218 2341 270 2401 Est
296 2343 385 2420 igitur
412 2351 556 2419 punctum
585 2346 673 2422 primi
694 2346 838 2405 intervalli
859 2346 1046 2424 principium,
1062 2354 1088 2395 2⁵

77 2434 250 2487 nontamen
266 2426 461 2496 intervallum,
478 2436 507 2487 et
521 2428 616 2490 lineae
632 2438 728 2507 caput,
746 2431 796 2490 sed
814 2431 944 2490 nondum
961 2428 1047 2498 linea,

78 2515 156 2572 siout
176 2510 253 2570 linea
280 2529 398 2589 quoque
413 2513 590 2591 *superficiei
618 2516 797 2592 principium
823 2523 880 2584 est,
912 2514 962 2573 sed
986 2516 1047 2592 ipsa

78 2595 251 2674 superficies
265 2612 326 2655 nun
343 2605 401 2664 est,
419 2603 448 2656 et
462 2597 585 2656 secundi
600 2597 746 2658 intervalli
762 2607 850 2676 caput
865 2607 924 2667 est,
942 2616 1048 2658 secun·

79 2681 149 2740 dum
165 2687 264 2739 tamen
279 2679 467 2740 intervallum
484 2681 547 2758 ipsa
564 2699 623 2740 non
639 2685 756 2742 retinet.
788 2683 868 2742 ldem
886 2700 1003 2761 quoque
1020 2689 1049 2742 et

147 2847 225 2897 5·11·
246 2863 276 2908 a,
296 2847 359 2911 l‚r,
379 2863 402 2897 s.
426 2844 438 2913 ΙΙ
461 2851 584 2899 retinent
604 2849 628 2904 d,
699 2852 900 2900 licontinetc.
971 2853 1049 2900 lisu-

78 2915 206 2982 perficies
226 2919 271 2991 est
287 2931 311 2964 c.
399 2917 431 2966 to
449 2921 527 2966 tanto
552 2925 576 2966 ct
594 2932 675 2981 cupra
693 2933 791 2967 uersum
809 2916 822 2967 l
840 2922 896 2966 tum
914 2917 945 2979 b3
970 2923 1049 2967 tanto

78 3008 103 3050 et
121 2999 310 3063 snproovf,
382 3002 413 3050 13
433 2996 517 3065 quod]
539 3001 604 3063 quia
625 3002 691 3064 c,f;
711 3017 743 3050 eo
764 3001 829 3065 quia
847 3016 869 3051 s.
941 3005 972 3052 14
985 3017 1047 3066 spa·

78 3069 125 3117 tiis
143 3066 302 3117 intervallis
320 3083 350 3129 a,
370 3069 456 3132 spatii
473 3067 631 3119 intervallis
650 3077 676 3118 et
692 3085 774 3132 supra
786 3084 884 3118 aereum
902 3068 932 3119 al
949 3069 1048 3134 spatiis

79 3136 111 3195 b;
130 3133 300 3196 intervallis,
320 3136 411 3185 omisso
431 3136 544 3200 spatiis,
565 3135 584 3189 f,
656 3138 687 3185 18
705 3136 831 3199 idemque
851 3137 875 3196 f;
894 3137 979 3198 idem,
999 3138 1048 3186 od-

78 3204 131 3252 dito
150 3218 185 3252 err
203 3218 271 3253 coru.
291 3217 342 3265 que
363 3218 387 3251 a.
458 3201 597 3252 20ulloc.
668 3206 699 3252 21
719 3203 849 3267 profundi
868 3219 898 3265 a;
918 3204 1081 3268 profundi¹

79 3278 104 3319 et
120 3285 202 3332 supra
219 3285 317 3320 versum
334 3272 403 3318 tatis
422 3286 442 3318 r.
490 3272 523 3319 23
541 3268 691 3322 ΛΤΟΜΟΝ
712 3271 734 3333 1;
755 3275 873 3320 atomum
892 3273 917 3321 d.
942 3267 954 3336 ΙΙ
977 3271 1049 3336 quod

78 3342 123 3386 est
140 3337 180 3386 ita
198 3337 221 3399 l;
240 3337 268 3385 id
288 3341 330 3387 est
347 3338 387 3386 ita
406 3343 431 3385 et
448 3352 529 3401 supra
546 3337 574 3385 id
591 3337 604 3388 l
622 3339 658 3401 qd
676 3338 702 3386 b.
772 3339 805 3386 ‘25
818 3339 900 3402 primi
917 3342 1048 3401 punctum

79 3421 109 3466 ας
129 3406 211 3468 primi
229 3421 275 3455 om.
296 3420 320 3467 o,
337 3421 358 3468 r,
373 3419 399 3466 s3
417 3420 498 3468 cupra
515 3421 612 3454 versum
630 3405 655 3455 d.
725 3408 759 3455 26
777 3405 827 3455 sed
844 3402 972 3468 nondum]
993 3418 1049 3453 non

78 3476 172 3522 tamen
191 3471 216 3522 d.
288 3472 320 3521 28
339 3477 382 3522 est
398 3479 458 3536 post
477 3476 561 3535 caput
579 3489 625 3524 um,
646 3489 671 3535 e,
693 3489 717 3534 c,
736 3489 758 3535 r,
778 3489 800 3524 s.
