2392 3922
371 166 463 219 mer.
482 164 635 215 Antrum.
654 166 697 227 11,
717 169 741 215 a.
1006 164 1047 227 83

121 339 142 398 r.
188 337 250 397 uu.
315 337 388 398 xvi.
454 335 569 396 trtuu
635 332 749 394 ottvr.
818 320 945 395 ixxtru.

199 442 223 500 v
317 439 378 499 xx.
455 435 568 496 trux.
633 434 762 496 suoru.
819 421 989 497 motxxx.

321 539 407 600 xxv.
490 538 521 596 e.
632 536 731 599 occo.
815 523 891 599 iot.

464 636 572 698 cxxv.
674 639 706 698 o.
836 625 873 699 ir.

636 739 769 801 uaxxv.
820 726 883 800 iro.
1062 759 1075 798 t

78 929 154 988 Hinc
177 944 296 1006 quoque
317 925 506 1002 perspicuum
523 933 566 983 est
588 924 920 1003 superparticularium,
943 941 1046 1000 quem-

78 1012 240 1072 admodum
267 1013 350 1087 prius
372 1016 519 1068 ostensum
545 1017 601 1078 est,
629 1010 742 1085 primos
764 1027 829 1069 esse
856 1007 1043 1087 multiplices

77 1098 102 1154 si
125 1096 243 1173 quidem
261 1092 392 1172 duplices
407 1091 621 1170 sesqualteros,
645 1093 775 1171 triplices
796 1094 1001 1171 sesquitertios
1018 1100 1047 1154 et

76 1183 174 1240 cuncti
197 1177 372 1257 multiplices
394 1184 517 1237 cunctos
544 1177 575 1236 in
597 1177 732 1238 ordinem
754 1177 1043 1256 superparticulares
1057 1197 1081 1234 10

74 1272 186 1324 creant.
224 1263 276 1323 Est
292 1263 380 1322 etiam
401 1263 432 1322 in
448 1261 494 1320 bis
510 1278 629 1340 quoque
646 1261 790 1323 mirabile.
835 1261 971 1337 Namque
992 1260 1044 1321 ubi

73 1351 170 1426 prima
185 1345 308 1408 latitudo
323 1348 414 1407 fuerit
430 1345 555 1423 duplex,
579 1353 607 1405 et
628 1347 683 1406 sub
700 1347 811 1408 eisdem
829 1349 879 1424 qui
894 1352 963 1405 sunt
978 1364 1043 1406 ver·

73 1451 123 1494 sus
140 1434 273 1493 continui
288 1432 455 1493 alternatim
472 1431 560 1508 positi
575 1432 737 1491 secundum
754 1431 861 1492 seriem
883 1429 1044 1490 latitudinis

74 1517 207 1595 duplices
223 1525 319 1576 erunt.
362 1515 392 1575 Si
407 1533 478 1575 vero
499 1515 609 1574 suerint
624 1514 755 1593 triplices
770 1522 800 1575 et
820 1516 977 1575 interiores
994 1532 1042 1575 or·

74 1601 156 1662 dines
182 1601 269 1678 tripla
296 1619 327 1661 se
353 1603 384 1659 iu
411 1601 472 1659 suis
500 1601 634 1659 terminis
657 1599 898 1678 multiplicatione
919 1616 1080 1676 supera-15

74 1687 163 1754 bunt;
187 1694 216 1745 at
237 1688 267 1744 in
283 1683 447 1763 quadrupla
463 1683 620 1763 quadrupli
636 1692 724 1761 atque
740 1684 797 1744 boc
812 1686 843 1742 in
858 1683 971 1744 infinita
988 1683 1041 1743 du·

74 1779 155 1830 otum
176 1769 376 1849 speculatione
399 1786 458 1827 non
479 1767 562 1828 fallit.
598 1768 762 1847 singulares
790 1776 887 1828 autem
910 1770 1041 1827 omnium

74 1853 251 1932 multiplices
273 1855 389 1913 evenire
412 1870 533 1923 necesse
555 1861 607 1913 est.
645 1854 739 1914 Erunt
760 1861 858 1913 autem
879 1851 1040 1930 duplicium

74 1939 195 2017 quidem
212 1936 357 2015 triplices,
381 1937 542 2013 triplicium
558 1936 782 2016 quadruplices,
805 1936 1039 2016 quadruplorum

74 2040 147 2081 vero
169 2019 321 2099 quincupli
342 2028 371 2080 et
392 2020 554 2081 secundum
576 2022 700 2083 eandem
716 2023 828 2082 ordinis
844 2023 1039 2082 iucommuta-
1054 2039 1079 2078 so

72 2105 164 2167 bilem
180 2106 326 2165 rationem
341 2104 460 2166 sibimet
475 2114 580 2166 cuncta
597 2108 792 2167 consentient.
822 2106 934 2176 Quibus
951 2124 1042 2184 expo·

73 2193 136 2251 sitis
162 2191 197 2250 ad
225 2196 399 2270 sequentem
434 2192 534 2265 operis
560 2191 666 2251 seriem
697 2198 860 2270 conpetens
885 2191 1042 2267 disputatio

75 2282 275 2335 convertatur.

74 2449 158 2516 Quod
170 2451 323 2518 multiplex
342 2449 526 2502 interuallum
542 2450 698 2520 exquibus
720 2450 1042 2521 superparticularibus

72 2535 225 2590 medietate
240 2535 339 2604 positu
359 2533 522 2587 interuallis
541 2535 595 2603 fiat
611 2537 730 2605 eiusque
744 2536 910 2590 inveniendi
927 2536 1040 2606 rapula.
1055 2545 1080 2584 rs

137 2663 185 2723 ΙΙΙ.
203 2663 234 2723 Si
246 2663 335 2739 igitur
348 2662 423 2722 duae
436 2663 834 2741 primaesuperpartioularis
847 2666 961 2742 species
970 2684 1041 2725 cou-

71 2749 247 2824 iungantur‚
262 2749 358 2825 prima
373 2747 489 2825 species
502 2746 755 2826 multiplicationis
767 2751 909 2809 exoritur.
938 2748 1040 2809 Omnis

69 2985 104 2992 -
122 2900 204 2981 tii]
221 2901 260 2968 fi.
273 2913 395 2964 nocco
408 2915 534 2993 unitur,
549 2901 615 2977 231.
613 2915 722 2992 coca
736 2917 901 2993 xxxvi—r.
937 2904 1039 2982 situ]

68 3002 106 3054 11.
121 2997 284 3050 ocuxxvr
297 3016 328 3061 a,
343 2999 362 3049 r.
398 3000 476 3049 cnr.
492 2997 840 3065 cxxv]111.naxvra;
859 3003 896 3052 11.
907 3001 1039 3052 ucxvn

70 3085 95 3142 f;
123 3084 159 3134 Il.
182 3084 254 3134 CXX
275 3100 298 3134 c.
356 3085 414 3134 esi
431 3085 540 3148 quidem
559 3122 565 3135 .
583 3121 589 3133 .
608 3124 613 3135 .
634 3121 639 3132 .
663 3087 789 3150 triplices
808 3089 833 3135 iu
856 3088 969 3150 marplae
988 3085 1012 3135 d.
1031 3083 1039 3149 ll

69 3151 258 3218 sesqualteros
286 3157 384 3202 creant
410 3168 432 3202 s.
462 3149 474 3218 1]
508 3153 572 3202 Post
598 3153 788 3216 sesquitertios
816 3156 889 3204 addit
915 3159 944 3204 et
971 3169 1038 3219 quu-

70 3219 163 3286 drupli
181 3225 340 3284 sesquortos
359 3221 380 3270 f.
425 3222 457 3269 10
468 3218 636 3285 multiplices
655 3225 750 3271 cuncti
769 3239 794 3281 a,
814 3239 838 3285 o,
858 3237 879 3271 s.
928 3224 960 3271 14
971 3237 1037 3271 vero

69 3304 116 3339 om.
134 3288 157 3349 13
176 3304 257 3352 supro
273 3304 372 3338 aereum
389 3289 416 3338 b.
499 3289 531 3336 16
550 3293 579 3337 at
597 3304 643 3339 om.
662 3306 688 3354 a,
708 3291 734 3347 b,
755 3306 783 3350 ος
804 3295 887 3354 atque
905 3304 927 3340 r.
950 3285 962 3354 ll
985 3289 1037 3337 hoc

68 3374 115 3408 om.
136 3371 157 3407 s.
185 3352 197 3422 d
224 3357 253 3405 in
277 3373 323 3407 om.
342 3357 372 3418 d3
394 3371 476 3420 supra
492 3372 590 3407 uersum
610 3371 641 3421 a,
666 3373 689 3406 c.
716 3353 729 3423 1]
752 3357 863 3407 doctum
882 3372 910 3414 a,
936 3357 960 3416 ὴ
987 3355 1038 3404 uli-

69 3440 152 3488 quem
170 3423 280 3472 ductum
299 3441 319 3475 s.
390 3425 421 3474 18
441 3421 543 3488 autem]
565 3423 638 3473 enim
657 3424 688 3486 d,
706 3441 727 3474 r.
780 3428 812 3475 21
832 3427 933 3473 cuncta
951 3439 997 3473 om.
1012 3437 1037 3470 a.

67 3493 101 3542 24
113 3491 238 3555 Inscript.
251 3508 298 3545 om.
309 3492 334 3542 d.
347 3488 360 3557 ΙΙ
372 3491 588 3556 particularibus
601 3491 620 3539 f.
657 3493 690 3540 26
700 3491 973 3557 superparticulares
985 3487 1043 3549 uqi.

800 3578 843 3641 ὅ*
