2392 3922
370 152 636 206 rusr.an1ruu.
655 156 697 220 u,
716 159 757 206 21.
986 153 1048 219 105

76 324 120 386 ris
145 321 311 400 triangulus
335 339 476 383 numerus
503 324 617 401 primus
644 329 702 393 est,
732 328 774 383 sic
800 325 829 382 in
850 323 964 394 solidis,
995 325 1046 402 qui

76 415 200 468 vocatur
215 407 358 486 pyramis
380 406 588 486 profunditatis
604 424 668 468 esse
684 407 871 486 principium.
909 407 1045 468 Omnium

78 488 189 571 qnippe
205 488 335 551 ratarum
351 492 382 551 in
398 493 531 551 numeris
547 492 709 568 ligurarum
725 510 846 553 necesse
859 498 903 552 est
914 493 1047 551 invenire

77 577 251 656 primordia.
297 575 350 636 Est
369 584 468 636 autem
491 577 620 653 pyramis
642 575 714 636 alias
736 595 751 636 a
772 575 917 653 triangula
940 577 1002 635 basi
1016 577 1047 634 in

78 659 264 722 altitudinem
280 677 346 721 sese
362 661 494 736 erigens,
518 658 589 719 alias
605 679 620 720 a
636 668 805 736 tetragona,
827 659 898 720 alias
913 677 929 718 a
945 666 1073 738 penta-5

77 762 157 824 gona
173 752 203 806 et
216 745 380 805 secundum
396 744 582 821 sequentium
603 744 803 805 multitudines
819 742 995 822 angulorum
1012 743 1047 802 ad

77 847 171 890 unum
194 830 354 889 cacuminis
376 829 516 886 verticem
538 828 697 889 sublevata,
743 829 842 889 Posito
863 829 941 888 enim
957 828 1048 886 trian-

76 911 149 992 gulo
171 920 259 990 atque
282 912 430 989 descripto
451 913 475 972 si
496 929 549 989 per
571 921 632 975 tres
653 912 776 991 angulos
799 911 932 990 singulae
954 909 1048 970 lineae

77 1005 163 1058 recte
184 1000 295 1055 stantes
316 1001 478 1074 ponantur,
505 995 621 1076 haeque
649 1006 709 1059 tres
731 997 926 1064 inclinentur,
953 1003 986 1055 ut
1011 993 1048 1054 acl

77 1097 173 1143 unum
203 1080 331 1139 medium
363 1087 504 1158 punctum
533 1085 658 1143 vertices
683 1084 821 1161 iungant,
852 1083 884 1142 lit
907 1080 1046 1160 pyramis,
1062 1094 1087 1132 10

79 1183 172 1244 quae,
194 1182 262 1224 cum
285 1183 301 1224 a
324 1165 469 1242 triangula
485 1165 547 1227 basi
563 1167 696 1247 prolecta
711 1169 761 1237 sit,
784 1167 879 1227 trihus
895 1162 1049 1241 triangulis

78 1266 135 1328 per
155 1247 247 1309 latera
264 1248 449 1309 concluditur
465 1249 522 1311 huc
538 1253 640 1312 modu:
673 1251 715 1312 Sit
738 1251 835 1311 ·a·b·c·
858 1249 1046 1327 triangulum.

80 1334 112 1393 Si
128 1333 197 1393 huic
212 1333 303 1409 igitur
318 1332 465 1411 triangula
488 1353 543 1414 per
560 1343 621 1396 tres
643 1334 765 1413 angulos
787 1336 937 1413 erigantur
953 1333 1048 1393 lineae

81 1426 111 1478 et
132 1417 169 1476 ad
190 1435 282 1477 unum
304 1424 446 1495 punctum
470 1428 695 1488 convertantur,
718 1420 796 1498 quod
818 1429 862 1480 est
885 1419 939 1487 ·d·‚
961 1418 1000 1476 ita
1015 1423 1049 1476 ut

82 1503 121 1561 ·d·
144 1509 286 1581 punctum
310 1520 369 1561 non
392 1504 429 1562 sit
447 1507 477 1564 in
493 1503 596 1583 plano,
619 1506 670 1565 sed
687 1506 833 1582 pendens,
855 1501 923 1563 illae
938 1500 1048 1561 scilicet
1061 1515 1087 1554 1⁵

81 1586 177 1646 lineae
199 1586 234 1645 ad
255 1588 352 1663 ipsum
376 1597 492 1648 erectae
512 1590 652 1649 verticem
676 1596 704 1646 et
724 1587 942 1668 quodammodo
962 1602 1048 1646 cacu-

81 1687 151 1732 men
180 1670 217 1729 ·d·
245 1669 354 1730 iaciant
379 1679 408 1732 et
434 1675 490 1734 erit
514 1673 593 1734 basis
619 1674 715 1734 -ah-c·
744 1691 834 1732 unum
857 1668 1047 1748 triangulum,

80 1773 135 1834 per
157 1754 248 1814 latera
270 1773 338 1816 vero
360 1757 417 1817 tria
440 1751 600 1835 triangula,
629 1759 656 1818 id
683 1765 727 1817 est
753 1775 843 1817 unum
870 1753 1048 1831 triangulum

81 1843 112 1918 af
124 1843 154 1917 l.
166 1840 205 1926 l,
228 1854 307 1917 aliutl
323 1875 392 1917 vero
406 1844 437 1920 B.
456 1845 483 1918 ri.
500 1844 532 1930 c,
551 1861 671 1920 tertium
688 1844 713 1919 c.
732 1860 758 1917 d.
771 1844 801 1916 a.

152 2706 165 2753 1
185 2719 254 2768 quae
273 2703 305 2752 F.
392 2707 408 2754 3
427 2705 527 2769 quippe
547 2705 684 2772 ratarum]
708 2708 755 2771 qui
772 2705 976 2772 praedictarum
995 2717 1021 2751 a.
1035 2696 1048 2766 ll

81 2771 204 2822 inveniri
221 2772 251 2821 1⁴¹.
327 2773 343 2822 5
368 2769 560 2839 atetragonc]
586 2774 677 2825 latera
700 2779 848 2839 tetragona
867 2788 887 2822 r.
920 2768 932 2838 l]
966 2774 1051 2820 tetra-

82 2854 154 2904 gono
179 2855 209 2900 a,
229 2839 256 2892 b.
291 2835 302 2906 ΙΙ
337 2855 354 2889 a
376 2837 552 2906 pentagona]
574 2857 590 2890 a
614 2859 649 2892 ecc
671 2858 740 2892 com.
757 2843 832 2891 addit
849 2856 870 2889 r.
952 2838 1051 2887 SPost

81 2913 244 2973 pentagona
267 2909 340 2958 addit
362 2924 387 2958 s:
417 2906 489 2956 alias
518 2909 552 2958 ab
577 2923 716 2973 aragona,
747 2907 818 2957 alias
843 2907 877 2956 ab
901 2910 1049 2970 eptagcna.

82 2971 208 3041 ienim]
234 2979 326 3024 autem
343 2975 364 3025 f.
439 2974 629 3040 8descript0]
656 2975 791 3039 disposito
814 2991 839 3038 r,
859 2990 887 3034 ες
916 2971 1051 3036 disposito

81 3041 128 3092 vel
147 3041 287 3108 descripto
307 3058 330 3095 c.
353 3039 366 3108 ll
386 3043 409 3092 si
427 3038 487 3108 per]
509 3058 604 3104 super,
623 3058 640 3091 u
657 3043 684 3091 in
701 3043 711 3090 i
729 3050 822 3093 mutato
841 3057 866 3091 a.
890 3037 903 3106 ll
926 3040 982 3090 -111·
998 3053 1020 3087 c.
1036 3033 1048 3100 ll

84 3114 179 3160 rectae
197 3109 288 3160 lineae
309 3127 330 3163 c.
387 3112 517 3160 tractae
536 3109 562 3171 d,
582 3109 601 3168 f,
621 3125 643 3158 s.
696 3111 728 3159 10
745 3110 852 3159 vertice
870 3109 900 3157 F.
954 3110 985 3156 11
1005 3104 1052 3171 qui

81 3192 152 3228 corr.
171 3178 198 3226 in
217 3192 287 3240 quae
307 3192 332 3228 a.
358 3174 369 3243 Η
397 3192 482 3226 com.
500 3192 530 3234 a,
549 3176 581 3239 b,
601 3191 629 3239 c,
648 3175 671 3238 l,
691 3192 712 3239 r,
731 3191 756 3238 s;
776 3193 811 3226 ecc
828 3192 897 3228 corr.
915 3176 978 3225 add.
996 3175 1021 3224 d.

80 3245 209 3310 perfecta
232 3244 252 3294 i.
341 3246 373 3294 12
395 3244 443 3293 Fit
465 3259 494 3306 e,
517 3260 542 3306 r,
566 3259 588 3294 s.
622 3241 633 3308 ΙΙ
667 3243 782 3308 primurn
804 3242 973 3308 triangulum
997 3257 1023 3294 a.

81 3310 252 3376 triangulum
275 3327 321 3362 om.
347 3327 367 3364 s.
437 3312 573 3376 tergitur
595 3311 660 3360 huic
681 3311 713 3360 F.
784 3314 816 3362 14
839 3313 1004 3361 convertant
1027 3325 1051 3362 c.

84 3397 115 3445 17
136 3397 223 3445 faciet
241 3411 267 3444 a.
286 3464 312 3470 —
329 3399 369 3473 19
373 3382 415 3473 -εἶ
431 3381 460 3445 ll.
476 3381 523 3461 Ἡ]
550 3411 575 3445 a.
594 3396 620 3446 b.
640 3411 663 3445 c.
683 3410 705 3445 s.
734 3391 885 3475 [terimam
902 3409 967 3444 vero
986 3393 1012 3455 d,
1031 3393 1051 3452 f,

81 3478 101 3540 l,
120 3495 141 3541 r,
161 3496 183 3542 s,
199 3480 230 3528 F.
252 3475 266 3545 l]
290 3494 311 3530 c.
332 3481 357 3530 d.
397 3479 419 3546 .]
440 3480 465 3531 d,
485 3497 508 3530 c.
528 3482 599 3530 a.F.
619 3477 632 3546 ss
655 3482 719 3530 Post
737 3497 761 3531 c.
780 3481 806 3531 d.
826 3496 850 3533 a.
869 3479 942 3528 addr't
960 3489 990 3526 s:
1007 3475 1055 3524 ‹le-
