2392 3922
364 151 456 202 nisu
475 141 625 201 antonio.
645 152 671 213 1,
691 153 733 201 aa
992 147 1034 212 69

64 323 154 392 bitur,
171 322 377 400 sesquitertius
394 339 430 382 er
442 319 557 400 triplici,
574 319 797 397 sesquiquartus
810 337 844 378 ex
857 318 1032 397 quadruplo.

64 406 130 467 Sint
146 408 225 467 eninr
243 406 300 466 -lll·
318 405 452 486 duplices
473 405 607 472 termini,
630 405 680 481 qui
701 421 736 462 ex
757 401 927 482 aequalibus
942 405 1035 465 creati

63 498 148 560 sunt,
166 498 194 551 et
210 492 259 568 qui
276 491 396 552 ultimus
412 497 471 560 est,
487 490 603 568 primus
618 494 746 564 ponatur
761 487 819 546 hoc
833 488 937 548 modo:

371 609 433 668 llll.
522 607 558 665 11.
645 605 667 664 t

64 727 101 785 Et
123 728 319 788 constituatur
341 727 439 802 primo
461 725 493 783 in
515 723 571 782 hoc
592 721 695 783 ordine
718 722 832 800 primus
847 740 917 800 par,
947 721 978 780 id
993 729 1062 782 ests

67 810 156 882 ·llll·,
179 811 328 872 secundus
350 827 420 868 vero
442 809 538 886 primo
560 815 588 867 et
608 805 738 867 secundo
758 824 827 883 par,
854 806 885 866 id
909 813 952 866 est
970 806 1036 876 ·v1‹,

64 897 173 956 tertius
188 913 259 956 vero
271 895 383 971 primo,
401 892 516 953 duobus
527 891 663 952 secundis
676 898 704 951 et
716 892 819 961 tertio,
836 892 866 950 id
879 897 923 951 est
938 889 1035 951 -vtllt

372 1010 433 1071 llll.
520 1009 554 1069 ll.
643 1008 664 1068 l.

371 1095 433 1155 llll.
520 1093 565 1154 Vl.
644 1093 730 1153 Vllll.

64 1213 143 1272 Ecce
159 1212 212 1272 tihi
227 1210 274 1273 illa
290 1211 472 1290 sesqualtera
491 1212 637 1288 quantitas
654 1230 690 1271 ex
710 1212 838 1272 termino
855 1209 1035 1289 duplicitatis
1049 1224 1074 1264 10

64 1298 205 1357 exoritur.
238 1297 394 1357 Videamus
409 1314 489 1356 nunc
512 1296 547 1356 ad
565 1295 692 1357 eundem
714 1296 851 1364 modurn,
875 1314 910 1354 ex
927 1294 1035 1374 triplici

64 1381 114 1458 qui
130 1388 278 1441 nascatur.
309 1381 509 1460 Disponantur
525 1381 603 1441 enim
621 1380 753 1459 triplices
770 1382 939 1459 superiores

369 1499 454 1560 Vlltt
543 1499 592 1558 ill.
680 1499 702 1559 1.

64 1615 213 1677 Converso
238 1616 350 1678 scilicet
371 1617 489 1687 ordine,
521 1619 598 1677 sicut
623 1615 745 1694 duplex,
776 1616 824 1675 hic
853 1624 896 1675 est
917 1634 1035 1694 quoque

65 1700 139 1759 ordo
155 1701 324 1778 dispositus.
355 1701 486 1761 Ponatur
513 1719 585 1778 ergo
606 1703 720 1777 primus
740 1702 838 1778 primo
854 1718 980 1777 aequus,
1003 1700 1073 1760 id1⁵

64 1792 109 1845 est
126 1785 240 1853 ·Vllll·,
263 1785 411 1845 secundus
426 1787 524 1861 primo
540 1792 569 1844 et
584 1785 730 1854 secundo,
754 1785 783 1844 id
806 1792 851 1845 est
867 1784 954 1852 -xlt,
976 1793 1035 1844 ter·

61 1870 120 1928 tius
137 1871 250 1945 primo,
268 1868 383 1928 duobus
399 1869 537 1929 secundis
553 1875 582 1928 et
596 1871 683 1928 tertio
701 1863 827 1947 aequus,
844 1869 872 1928 id
889 1876 935 1928 est
952 1867 1034 1926 -llVl

377 1984 463 2043 Villi.
552 1984 602 2044 tlt.
689 1985 711 2044 l.

377 2067 463 2128 Villi.
550 2067 613 2128 Xll.
690 2068 763 2128 XVl.

60 2185 179 2245 Rursus
194 2185 325 2246 secunda
348 2187 463 2264 species
483 2184 765 2264 superparticularis
781 2185 916 2253 numeri,
947 2183 977 2243 id
994 2192 1036 2244 est
1050 2199 1075 2239 ao

61 2271 270 2346 sesquitertius
292 2278 464 2347 procreatus
487 2279 540 2331 est.
573 2268 658 2340 Quod
680 2272 704 2330 si
722 2270 801 2330 idern
818 2269 853 2330 de
870 2267 1036 2349 quadruplo

62 2355 130 2432 quis
147 2353 244 2414 lacere
260 2353 342 2423 velit,
360 2358 584 2433 sesquiquartus
597 2355 736 2415 continuo
753 2361 900 2425 nascetur,
919 2361 949 2414 ut
965 2353 1034 2414 sub-

61 2440 138 2498 iecta
156 2445 302 2499 monstrat
317 2439 486 2517 descriptio.

368 2556 441 2616 xvi.
529 2558 591 2618 nu.
678 2557 700 2617 1.
1092 2619 1100 2631 ,

367 2640 439 2701 xvi.
528 2641 588 2702 xx.
677 2641 761 2702 xxv.
1046 2657 1072 2696 25

131 2792 144 2838 1
164 2790 247 2855 triplo
266 2790 291 2839 d.
329 2794 344 2840 2
362 2796 419 2841 tres
438 2793 465 2853 b,
479 2793 498 2841 f.
539 2794 773 2843 doonstituantur
786 2808 816 2855 a,
831 2808 858 2854 c,
873 2809 894 2855 s,
908 2802 967 2857 etr,
986 2797 1034 2844 ced

57 2874 77 2908 n
96 2873 191 2907 rasura
209 2860 301 2910 deleto.
331 2855 344 2923 Η
374 2861 610 2924 constituaturque
631 2861 656 2912 d.
680 2857 691 2924 ll
716 2861 802 2925 primo
820 2877 866 2914 om.
886 2877 915 2924 e,
933 2863 966 2917 b,
986 2859 1032 2924 ‹Lll

57 2926 165 2991 primus
175 2926 262 2991 primo
273 2941 290 2974 a
300 2933 325 2975 et
334 2940 357 2989 s,
369 2929 417 2976 ced
428 2929 516 2992 primo
529 2944 624 2979 rasura
633 2930 731 2984 deleto,·
743 2928 830 2993 primo
839 2943 920 2992 supra
929 2930 1033 2994 primus

59 2993 87 3042 d.
118 2995 134 3042 6
148 2997 264 3057 quatuor
277 2993 302 3045 d.
314 2989 326 3059 ΙΙ
338 3009 390 3059 par
403 3010 450 3048 om.
462 2994 488 3044 d.
526 2997 558 3046 10
570 2995 621 3045 illa
634 3011 679 3048 onc.
689 3010 713 3046 c.
729 2992 742 3060 ΙΙ
758 2995 934 3060 sesqualtera
946 2996 997 3046 illa
1010 3012 1031 3045 r.

59 3063 91 3110 11
113 3060 148 3110 ud
167 3060 284 3111 eundem
303 3096 310 3110 .
326 3099 332 3112 .
347 3096 373 3111 ..
396 3059 540 3128 nascetur]
561 3062 788 3127 quemadmodum
807 3079 840 3113 ex
859 3064 964 3129 triplici
982 3079 1032 3113 nu·
1121 3079 1122 3083 ¹

58 3143 136 3180 mero
155 3128 190 3178 ed
210 3127 326 3178 eundem
350 3129 457 3179 modum
476 3131 584 3180 numeri
606 3135 757 3180 noscantur
775 3130 801 3182 d.
830 3127 841 3190 ΙΙ
875 3147 908 3180 ex
926 3130 1031 3195 triplici

56 3211 106 3247 om.
125 3195 144 3248 l.
230 3198 261 3245 12
279 3197 404 3246 noscitur
426 3198 456 3261 b,
476 3197 500 3259 13
519 3203 671 3248 nascantur
689 3213 710 3248 s.
741 3192 753 3264 ll
784 3196 865 3263 enim]
891 3200 985 3262 itaque
1006 3197 1032 3246 d.

58 3265 92 3312 15
111 3263 198 3328 primo
217 3264 320 3328 primus
340 3279 361 3314 c.
416 3267 448 3315 17
467 3281 572 3331 aequus
589 3281 669 3330 supra
687 3282 786 3316 oneum
804 3263 834 3327 d,
854 3281 876 3319 r.
930 3268 960 3314 21
975 3279 1032 3314 ses·

57 3331 186 3394 quitertii
200 3333 340 3395 procreati
358 3335 425 3381 sunt
437 3348 462 3382 a.
526 3336 560 3383 22
579 3334 710 3383 continua
729 3349 752 3383 c.
777 3329 790 3398 ss
814 3333 942 3382 subiecta
955 3346 1029 3381 mon-

54 3398 161 3448 strabit
188 3415 218 3460 a;
247 3399 374 3449 subiecta
397 3404 533 3450 monstrat
554 3409 581 3450 et
601 3416 682 3464 supra
699 3416 812 3450 versum:
837 3400 867 3448 in
887 3397 923 3448 al.
942 3398 984 3446 bit
1000 3397 1031 3451 b;

55 3467 226 3516 monstrabit
243 3467 369 3516 subiecta
388 3482 409 3516 s.
