2392 3922
404 129 496 186 trist.
515 129 715 193 3131113131,
733 133 775 183 21.
1037 129 1080 194 55

106 303 291 382 progressio,
320 308 352 363 ut
378 301 491 380 primus
517 301 646 380 primum
668 300 764 361 tribus
785 308 920 379 superet,
948 309 979 362 ut
1001 301 1077 362 ·llll·

106 388 263 457 unitatem,
289 386 436 448 sccundus
459 384 624 447 secundum
646 387 763 445 senario
792 386 903 454 vincat,
938 393 971 444 ut
994 385 1076 446 ·Vlll·

106 471 271 539 binarium,
293 472 397 533 tertius
418 472 540 531 tertium
562 471 722 529 novenario
742 477 888 537 transeat,
916 479 947 529 ut
968 468 1078 530 duode-

106 557 209 616 narius
228 557 406 624 ternarium,
430 563 459 614 et
481 560 642 633 sequentes
665 552 831 614 summulae
848 555 937 614 trium
954 572 986 614 se
1001 565 1077 615 sem*-

106 657 161 717 per
177 639 290 701 adiecta
305 641 469 720 quantitate
485 636 675 698 transsiliunt.
719 637 753 698 Et
773 639 797 698 si
813 638 878 717 quis
894 636 1076 700 subteriores
1090 657 1103 698 e

107 726 230 803 aspiciat
251 724 391 803 angulos,
419 722 499 783 idem
521 739 575 800 per
596 739 698 782 omnes
720 720 940 802 multiplicitatis
967 723 1080 802 species

106 827 202 888 usque
224 809 261 869 ad
283 807 442 884 decuplum
465 807 685 885 dispositissima
712 806 899 867 ordinatione
920 807 1080 884 perveniet,

107 892 140 952 Si
156 894 224 970 quis
238 910 310 952 vero
325 894 356 951 in
373 892 428 952 hac
447 891 643 968 descriptione
663 890 945 970 superparticularis
967 892 1082 969 species

109 979 258 1052 requirat,
281 974 331 1035 tali
353 976 440 1036 modo
463 977 620 1055 repperiet.
665 976 696 1036 Si
712 978 791 1036 enirn
808 975 971 1037 secundum
989 991 1081 1053 augu-

109 1058 172 1120 lurn
189 1067 279 1130 notet,
298 1061 379 1121 cuius
394 1068 436 1121 est
451 1061 564 1128 initium
581 1061 796 1139 quaternarius,
815 1061 901 1138 eique
916 1062 1083 1140 superiacet
1097 1080 1122 1118 ιο

108 1143 258 1215 binarius,
279 1152 365 1223 atque
385 1144 420 1205 ad
440 1145 519 1206 hunc
539 1152 714 1222 sequentem
731 1147 796 1223 quis
811 1145 1017 1205 accommodet
1032 1162 1081 1204 or·

108 1229 223 1297 dinem,
247 1228 427 1307 sesqualtera
449 1231 603 1308 proportio
627 1229 834 1291 declarabitur.
886 1229 959 1290 Nam
975 1230 1081 1291 tertius

106 1312 231 1374 secundi
251 1331 354 1374 versus
369 1309 534 1393 sesqualter
550 1323 611 1383 est,
636 1321 669 1374 ut
692 1315 751 1375 ·lll·
768 1314 805 1375 ad
823 1314 884 1383 -ll·‚
907 1314 952 1374 vel
969 1314 1025 1374 ·Vl·
1043 1313 1080 1373 ad

107 1397 197 1467 ·llll·,
220 1396 266 1459 vel
288 1398 383 1459 ·Vllll·
407 1400 443 1459 ad
461 1400 516 1459 ·Vl·
536 1398 578 1460 vel
597 1398 669 1459 ·Xll·
687 1399 722 1459 ad
740 1398 822 1460 ·Vlll·
840 1400 968 1476 itemque
983 1401 1013 1458 in
1030 1416 1079 1458 ce·

107 1483 194 1550 teris,
218 1484 269 1561 qui
290 1484 402 1544 suntin
419 1483 522 1545 eadem
539 1484 616 1544 serie
632 1486 763 1553 numeri,
789 1485 813 1544 si
829 1482 894 1544 talis
910 1484 1078 1561 coniugatio
1093 1503 1118 1542 15

107 1567 281 1637 misceatur,
299 1566 378 1629 nulla
393 1570 544 1630 varietatis
560 1567 766 1630 dissimilitudo
782 1568 936 1647 subripiet.
968 1567 1079 1628 Eadem

107 1660 206 1711 tamen
228 1669 411 1714 summarum
433 1654 640 1731 supergressio
662 1661 707 1715 est
728 1655 758 1713 in
775 1654 832 1714 hoc
848 1670 981 1734 quoque,
1004 1670 1080 1732 quae

107 1737 138 1795 in
150 1734 317 1811 duplicibus
336 1736 398 1798 luit.
434 1737 552 1798 Primus
565 1739 643 1798 enim
656 1741 802 1816 primum,
826 1738 855 1798 id
872 1745 917 1798 est
932 1740 1080 1797 ternarius

107 1818 265 1888 binarium,
282 1838 342 1880 uno
363 1829 499 1900 superat,
522 1822 671 1882 secundus
686 1840 756 1883 vero
773 1822 937 1882 secundum
954 1821 1079 1886 duobus,
1132 1877 1133 1881 ,

109 1904 214 1962 tertius
235 1905 355 1963 tertium
377 1904 471 1964 tribus
492 1914 520 1965 et
542 1905 689 1984 deinceps.
735 1905 766 1965 Si
781 1923 851 1965 vero
867 1912 991 1983 quartus
1006 1904 1081 1963 ordo
1095 1923 1120 1962 ao

109 1987 197 2046 tertio
214 1996 417 2064 comparetur,
445 1996 476 2047 ut
498 1987 571 2048 ·llll·
589 1989 624 2048 ad
643 1988 702 2049 ·lll·
726 1998 756 2049 et
777 1988 880 2049 eodem
897 1998 1013 2047 ceteros
1034 2004 1082 2047 or·

109 2071 179 2130 dine
203 2073 398 2141 consecteris,
430 2073 616 2151 sesquitertia
641 2073 823 2149 comparatio
850 2071 1020 2149 colligetur,
1051 2078 1084 2129 ut

109 2154 184 2216 ·llll·
202 2155 239 2215 ad
256 2155 313 2215 ·lll·
330 2155 377 2217 vel
393 2157 475 2217 ·Vlll·
494 2156 529 2216 ad
548 2157 603 2216 ·Vl·
621 2164 650 2217 et
667 2156 739 2217 ·llll·
757 2155 793 2217 ad
811 2156 909 2217 ·Vllll·
956 2154 1083 2215 Videsne

108 2250 143 2300 ut
168 2241 198 2298 in
225 2240 363 2302 omnibus
389 2242 434 2301 his
456 2242 642 2320 sesquitertia
667 2242 850 2321 comparatio
871 2239 1082 2301 conservetur?

109 2325 267 2385 Praeterea
283 2343 347 2394 coe,
365 2329 415 2403 qui
431 2325 486 2386 sub
502 2328 574 2405 ipsis
589 2335 673 2395 sunt,
694 2328 717 2386 si
733 2326 812 2387 idern
827 2325 939 2386 iaciens
955 2342 1080 2405 sequen·
1094 2343 1121 2384 as

108 2418 154 2468 tes
170 2426 272 2469 versus
291 2409 440 2471 alterutris
456 2413 688 2490 comparaveris,
711 2429 815 2472 omnes
836 2412 900 2472 sinc
916 2409 975 2471 ullo
998 2412 1080 2490 inpe-

108 2492 241 2553 dimento
257 2495 372 2572 species
387 2495 664 2574 superparticularis
680 2513 831 2574 agnosces.

173 2577 236 2638 Hoc
262 2587 359 2639 autem
386 2581 416 2639 in
442 2579 497 2640 hac
524 2589 569 2640 est
599 2581 790 2658 dispositione
821 2580 967 2649 divinum,
1000 2580 1080 2661 quod

180 2850 331 2913 lquatuor
349 2850 369 2899 1.
423 2851 617 2900 ioctonerius
636 2850 655 2902 f.
708 2853 773 2901 4se
792 2868 839 2903 om.
861 2868 884 2911 c,
902 2867 924 2899 r.
979 2850 1082 2900 timul-

107 2915 252 2980 tiplicates
270 2924 410 2969 correctum
427 2919 453 2967 ia
473 2918 691 2983 multiplicitatis
710 2933 740 2981 a;
763 2919 980 2985 multiplicatas,
1004 2931 1016 2966 3
1034 2934 1082 2968 33-

105 2991 203 3048 puncto
226 2993 251 3034 et
274 2985 311 3035 tis
334 2988 511 3050 superscripto
530 3002 551 3036 r.
623 2988 639 3037 8
662 2987 932 3052 superparticulares
954 2985 987 3047 b,
1012 2984 1043 3048 d,
1063 2986 1080 3047 1;

109 3053 432 3116 superparticularitatis
450 3069 472 3107 3.
503 3049 514 3120 ll
544 3055 654 3118 species
675 3070 723 3106 om.
742 3055 767 3106 d.
839 3056 871 3106 10
890 3055 916 3104 31
935 3067 1006 3116 quee
1025 3068 1082 3104 cor·

108 3121 369 3185 rectumioeique
390 3137 414 3170 a.
486 3123 517 3171 11
538 3122 676 3174 edoma.
748 3124 780 3172 13
798 3120 866 3173 duos
885 3136 910 3181 a,
929 3120 957 3185 b,
976 3119 995 3183 l,
1014 3135 1036 3181 r,
1055 3135 1080 3181 s;

110 3185 163 3236 duo
183 3186 202 3238 f.
272 3191 304 3238 14
322 3203 419 3239 novem
439 3205 462 3241 c.
487 3185 499 3256 [l
528 3186 662 3255 itemque]
682 3188 847 3239 scribendum
864 3191 979 3240 uidetur:
997 3187 1082 3237 idem-

109 3268 171 3317 que.
244 3257 275 3305 tr
294 3258 452 3322 progressio
471 3271 500 3314 3,
523 3273 545 3307 r.
615 3259 648 3308 20
667 3255 776 3307 1111·ιιιε
795 3256 816 3306 f.
887 3258 917 3305 21
938 3255 1082 3306 13311333-

107 3337 160 3385 pru
177 3338 275 3373 uersum
293 3339 317 3374 3.
392 3326 425 3374 22
444 3324 585 3389 colligitur
604 3340 629 3383 a,
648 3324 676 3385 b,
696 3340 720 3385 c,
741 3323 767 3383 d,
790 3323 809 3384 l,
828 3339 850 3388 r,
870 3337 891 3375 s.
967 3323 1001 3372 24
1019 3336 1089 3370 con-¹

109 3393 237 3506 {eropus
256 3407 277 3454 3,
297 3395 424 3442 servetur
441 3391 468 3454 b,
487 3392 505 3444 l.
577 3392 610 3442 25
628 3391 832 3454 subsequentes
851 3390 870 3439 f.
941 3390 974 3438 28
994 3392 1036 3437 est
1053 3387 1083 3434 in

130 3471 202 3508 ac.
