2392 3922
150 175 187 221 VI
529 174 737 222 PRAEFATIO.

150 337 259 392 tamen
282 329 410 410 statim,
435 330 462 392 si
479 327 543 414 legi
559 338 685 416 posset,
709 329 877 393 dirimeret
892 330 997 394 codex
1013 332 1114 395 Vero-

91 479 95 487 .
149 431 259 494 nensis
276 430 503 517 palimpsestus
519 431 576 511 38,
592 430 626 493 in
642 453 703 516 quo
719 452 833 494 verum
849 429 1001 495 Boetium
1015 432 1116 497 latere

101 519 103 523 ¹
149 541 243 618 putat
258 532 418 616 Istumst).
450 531 695 597 Humanissime
716 541 748 596 et
770 532 998 597 liberalissime
1014 535 1114 599 Bon-

150 636 374 721 eompagni,
412 634 550 699 illustris
585 633 640 696 ille
674 657 782 699 rerum
815 629 1115 700 mathematiearum

148 736 256 800 fautor
271 737 395 819 effecit,
420 747 455 801 ut
478 736 583 800 codex
604 733 659 798 ille
674 735 925 821 diligentissime
940 739 1115 824 inspicere-

147 848 217 921 tur,
241 839 300 902 sed
315 838 396 902 adeo
413 837 556 901 difficilis
573 837 660 902 lectu
676 839 831 903 inventus
848 850 914 923 est,
937 850 973 904 ut
988 850 1116 927 praeter

149 940 325 1006 admodum
347 963 451 1027 pauca
473 940 575 1004 verba
596 939 679 1004 nihil
694 942 868 1006 transcribi
884 964 926 1006 ex
942 964 979 1007 eo
995 954 1115 1029 posset.

148 1043 263 1109 Donec
278 1043 378 1126 igitur
392 1053 449 1108 aut
465 1044 605 1108 acriores
621 1041 716 1124 oculi,
733 1043 820 1129 quod
835 1044 893 1109 vix
910 1046 1114 1127 crediderim,

148 1153 204 1208 aut
218 1145 408 1210 instructior
422 1168 491 1228 ars,
516 1145 603 1231 quod
622 1144 694 1209 fieri
709 1168 806 1231 posse
821 1168 915 1211 nemo
932 1149 1114 1231 negaverit,

147 1248 182 1310 in
198 1268 399 1312 communem
415 1270 506 1313 usum
522 1247 732 1332 protulerint,
749 1270 833 1336 quae
848 1247 964 1312 Blume
980 1250 1113 1312 investi-

147 1349 255 1432 gavit,
285 1349 367 1413 nihil
394 1349 484 1413 aliud
512 1359 629 1430 restat,
659 1351 724 1413 nisi
752 1360 788 1414 ut
815 1372 867 1432 ea,
904 1371 985 1435 quae
1013 1349 1116 1413 fertur

148 1450 256 1515 Boetii
270 1453 464 1539 geometria,
488 1452 619 1533 edatur,
641 1474 735 1538 quam
756 1461 884 1515 artem
899 1455 1113 1535 geometri-

149 1574 231 1615 cam
247 1556 411 1618 auctorem
426 1555 611 1618 nominasse
627 1562 786 1617 testantur
801 1552 879 1635 loci,
897 1574 977 1638 quos
991 1555 1026 1616 in
1041 1575 1113 1638 pag.

147 1654 212 1718 434
233 1655 293 1720 sub
318 1677 398 1720 voce
420 1676 473 1718 ars
494 1653 601 1719 attuli.
647 1655 740 1734 erae
763 1675 835 1718 cum
857 1675 916 1739 per
938 1676 973 1716 se
995 1654 1114 1718 nullius

89 1800 96 1813 ·
148 1757 216 1820 fere
239 1759 336 1843 pretii
359 1759 418 1840 sit,
442 1757 578 1820 maximi
593 1756 748 1819 momenti
768 1754 810 1818 ad
825 1777 876 1819 res
892 1755 1113 1820 arithmeticas
1157 1748 1160 1752 ¹

147 1857 235 1922 facta
263 1869 311 1923 est
338 1858 590 1944 antiquissimis,
626 1879 708 1945 quae
741 1867 896 1942 quantum
929 1860 1050 1923 scimus
1080 1861 1114 1921 in

147 1962 268 2026 nostris
297 1961 415 2025 litteris
439 1969 589 2043 exstant,
618 1959 768 2044 vestigiis
797 1981 907 2024 eorum
935 1962 1112 2046 signorum,

148 2062 267 2148 quibus
290 2086 376 2127 nunc
397 2085 548 2128 numeros
571 2061 797 2128 describimus.
842 2062 957 2148 Itaque
986 2084 1114 2125 omnem

147 2164 293 2251 impendi
315 2186 465 2251 operam,
488 2175 526 2229 ut
544 2165 738 2229 Carnutensi
760 2184 886 2248 quoque
910 2161 1020 2226 codice
1043 2164 1114 2248 ipse

146 2268 195 2330 uti
217 2288 360 2351 possem,
384 2288 489 2351 neque
512 2278 620 2330 tamen
642 2263 712 2326 fieri
735 2264 859 2349 potuit,
890 2285 962 2327 cum
984 2263 1112 2349 legibus

146 2390 212 2431 non
233 2366 360 2448 liceret,
391 2366 534 2431 codicem
563 2365 655 2429 illum
678 2387 719 2428 ex
742 2363 971 2450 Francogallia
993 2366 1035 2429 ad
1063 2390 1113 2430 me

146 2469 244 2533 mitti.

217 2571 270 2634 De
285 2570 377 2634 libris
393 2592 491 2634 manu
503 2570 642 2656 seriptis,
652 2570 770 2654 quibus
782 2593 859 2634 usus
872 2594 955 2655 sum,
965 2580 1113 2636 notarum

148 2671 382 2760 explicationes
395 2670 533 2756 singulis
547 2671 698 2758 operibus
711 2671 836 2737 addidi.
851 2671 958 2753 Quam
972 2675 1113 2736 maxime

147 2773 272 2858 studui,
296 2784 331 2838 ut
353 2796 418 2838 non
441 2772 545 2838 solum
566 2774 637 2836 veri
660 2774 768 2840 Boetii
790 2777 913 2861 scripta
935 2775 994 2838 sed
1016 2777 1112 2838 etiam

146 2899 257 2940 veram
280 2875 444 2941 scribendi
467 2875 602 2940 formam
627 2877 765 2939 ederem.
808 2877 989 2942 Omittcndi
1012 2877 1113 2961 igitur

147 2987 239 3042 erant
254 2979 397 3065 capitum
412 2977 514 3060 tituli,
536 3000 615 3065 quos
631 2979 782 3042 Boetium
797 2979 966 3065 scripsisse
980 2979 1111 3041 minime

148 3091 197 3144 est
230 3081 419 3145 verisimile.
476 3079 586 3161 Quum
618 3090 728 3145 tamen
766 3079 945 3144 faciliorem
979 3101 1111 3165 operum

148 3192 355 3269 conspectum
383 3182 577 3270 praebeant,
612 3183 792 3249 minoribus
821 3181 938 3246 litteris
968 3179 1110 3245 edendos

232 3424 252 3487 ὓ)
271 3424 491 3492 Erliiuterungen
504 3443 538 3477 zu
557 3425 610 3476 den
624 3424 764 3477 Schriften
783 3423 831 3474 der
847 3425 913 3476 rom.
928 3423 1110 3478 Feldmesser.

148 3509 175 3559 S.
195 3512 240 3573 05,
260 3511 337 3559 Anm.
358 3512 414 3559 114.
