2392 3922
139 116 180 179 88
431 115 521 167 INST.
541 116 692 166 ARITHM.
711 117 751 178 ΙΙ,
771 118 795 168 4.

24 259 32 275 s
90 332 93 336 ι
140 286 214 346 nihil
229 287 361 345 interest.
394 285 449 345 ·Vl·
469 287 547 345 enim
564 291 593 344 et
610 285 664 344 ·Vl·
681 283 759 345 nulla
776 285 861 363 spatii
877 282 1030 345 intervalla
1046 285 1112 346 dis·

139 374 274 448 iungunt.
311 369 352 429 lta
380 371 467 429 etiam
495 371 592 428 unitas
618 371 646 428 in
673 387 705 429 se
733 370 795 447 ipsa
817 367 1009 447 multiplicata
1032 371 1111 430 nihil

139 461 288 535 procreat.
306 453 404 514 Semel
421 455 498 513 enim
514 472 605 513 unum
623 453 694 512 nihil
710 452 787 513 aliud
801 471 835 512 ex
851 471 882 512 se
898 455 1000 530 gignit,
1018 472 1112 530 quarn

141 543 202 619 ipsa
220 547 272 600 cst.
306 537 379 598 Nam
402 537 479 615 quod
501 536 656 598 intervallo
671 544 767 606 caret,
791 539 878 597 etiam
894 539 949 596 vim
967 539 1113 614 gignendi

115 622 293 685 ainterralla
309 640 369 682 non
385 623 504 699 recipit,
527 623 605 701 qnod
626 623 655 681 in
677 621 740 681 aliis
763 624 894 682 numeris
915 640 974 682 non
991 624 1112 684 videtur

142 713 267 770 evenire.
301 706 403 767 Omnis
425 708 502 766 enim
519 725 661 766 numerus
683 707 713 764 in
736 724 767 765 εε
783 706 878 782 ipsum
895 705 1113 786 multiplicatus

141 792 230 854 alium
255 790 402 870 quendam
425 791 513 850 efficit
533 792 692 858 maiorem,
716 807 803 867 quam
825 792 889 868 ipse
906 800 964 860 est,
987 790 1111 861 idcirco,

142 878 279 956 qnoniam
296 873 448 935 intervalla
465 873 656 950 multiplicata
674 876 785 934 maiore
803 891 867 935 sese
883 876 970 952 spatii
986 875 1113 953 prolixi-

143 970 200 1023 tate
212 959 389 1021 distendunt.
406 957 437 1018 ld
451 976 531 1027 vero,
545 959 623 1036 quod
636 960 700 1018 sine
712 957 864 1018 intervallo
876 967 929 1028 est,
942 958 1113 1037 plusquam

103 1064 129 1101 ro
144 1049 204 1126 ipsa
229 1053 274 1106 est
295 1043 429 1121 pariendi
451 1060 510 1101 non
531 1042 621 1103 habet
642 1050 827 1120 potestatem.
870 1043 913 1103 Ex
942 1045 999 1103 lroo
1020 1045 1114 1121 igitur

142 1130 303 1210 principio,
319 1127 348 1186 id
366 1135 409 1187 est
426 1144 460 1186 ειι
473 1128 596 1197 unitate,
614 1129 708 1205 prima
727 1128 857 1187 omnium
874 1127 1027 1206 longitudo
1044 1145 1114 1188 suc·

143 1215 263 1282 crescit,
288 1230 363 1288 quae
384 1229 399 1270 a
424 1211 531 1270 binarii
552 1213 667 1272 numeri
688 1212 833 1290 principio
854 1215 884 1270 in
906 1219 1027 1271 cunctos
1044 1230 1115 1272 sese

59 1294 61 1298 ⁴
144 1314 284 1358 numeros
301 1295 440 1373 explicat,
458 1297 596 1373 quoniam
613 1297 741 1374 primum
759 1295 947 1355 intervallum
960 1295 1036 1356 linea
1055 1304 1113 1356 εει.

145 1382 208 1442 Duo
223 1399 293 1440 vero
309 1379 460 1440 intervalla
478 1387 546 1441 sunt
561 1379 713 1458 longitudo
730 1387 758 1440 et
774 1379 910 1448 latitudo,
927 1380 956 1440 id
972 1386 1019 1440 εει
1033 1379 1115 1440 llnea

106 1480 132 1520 ιε
145 1476 174 1527 et
189 1465 369 1543 superficies.
405 1465 474 1524 Tria
495 1483 565 1526 vcro
581 1463 732 1525 intervalla
754 1472 837 1524 sunt:
860 1465 1026 1542 longitudo,
1048 1464 1114 1524 lati·

145 1551 231 1618 tudo,
260 1548 396 1618 altitudo,
424 1549 454 1608 id
482 1558 525 1609 est
545 1549 639 1618 linea,
667 1548 839 1628 superficies
859 1555 947 1627 atque
969 1548 1116 1609 soliditas.

145 1636 267 1695 Praeter
289 1634 363 1693 haec
384 1642 481 1694 autem
505 1634 561 1694 alia
582 1633 733 1694 intervalla
757 1633 882 1692 inveniri
901 1651 960 1693 non
976 1640 1114 1710 possunt.

145 1722 202 1779 Aut
218 1719 296 1778 enim
313 1735 404 1778 unum
420 1718 604 1779 intervallum
622 1720 694 1786 erit,
718 1717 796 1796 quod
812 1716 965 1795 longitudo
982 1724 1038 1785 εει,
1064 1726 1117 1777 ant

146 1803 255 1882 aliquid
271 1802 385 1862 duobus
400 1802 560 1863 intervallis
576 1804 739 1881 expositum
757 1809 815 1871 est,
832 1809 865 1861 ut
880 1803 903 1861 si
916 1819 1033 1881 quares
1049 1800 1116 1860 lon-

106 1904 133 1943 ιο
147 1888 308 1967 gltndinem
329 1887 437 1948 habeat
459 1895 488 1948 ει
508 1887 709 1956 latitudinem,
732 1884 776 1945 vel
798 1888 874 1946 trina
900 1885 1046 1945 intervalli
1062 1885 1116 1945 de-

146 1974 299 2033 mensione
320 1973 498 2050 porrigitur,
521 1974 544 2033 sl
564 1971 749 2049 longitudine
772 1970 924 2030 altitudine
947 1969 1116 2031 latitudine·

146 2077 203 2135 que
213 2063 365 2124 censetur;
382 2074 472 2135 supra
484 2074 560 2133 quae
574 2057 646 2116 adeo
656 2054 728 2115 nihil
740 2056 865 2115 inveniri
876 2061 983 2133 potest,
991 2062 1024 2114 ut
1035 2056 1118 2133 ipso·

146 2161 212 2202 rum
231 2142 286 2201 ·Vl·
304 2149 438 2201 motuum
455 2141 566 2200 formae
589 2141 625 2199 ad
640 2137 860 2199 intervallorum
878 2146 998 2200 naturas
1015 2146 1044 2199 ει
1059 2156 1116 2199 nu·

147 2244 262 2286 merum
280 2233 505 2303 componantur.
536 2225 632 2284 Unum
651 2224 726 2283 enim
743 2222 929 2284 intervallum
946 2223 1020 2283 duos
1036 2224 1066 2281 in
1083 2240 1117 2282 se
1144 2268 1149 2276 .

110 2311 281 2371 recontinet
301 2319 414 2377 motus,
437 2317 470 2368 ιιι
489 2311 519 2368 in
541 2307 636 2367 tribus
651 2305 811 2368 intervallis
826 2325 877 2367 sex
899 2325 962 2368 sese
978 2315 1116 2367 motuum

146 2413 261 2454 summa
279 2395 414 2454 conficiat
433 2393 490 2452 hoc
508 2391 610 2451 modo:
633 2391 685 2450 Est
705 2393 828 2451 enimin
848 2390 1031 2467 longitudine
1047 2397 1116 2452 anto

147 2487 177 2538 et
200 2488 298 2545 retro,
325 2479 355 2537 in
377 2477 530 2536 latitudine
551 2477 668 2535 sinistra
695 2484 725 2535 ει
744 2476 879 2544 dextera,
908 2478 938 2535 in
965 2475 1119 2535 altitudine

147 2582 264 2624 sursum
281 2580 316 2621 ac
332 2561 479 2621 deorsum.
511 2560 638 2620 Necesse
654 2567 697 2619 est
713 2568 825 2630 antem,
849 2567 880 2619 ut
895 2560 1036 2639 quicquid
1053 2559 1118 2618 lua·

147 2651 186 2707 rit
202 2647 328 2709 solidum
345 2662 467 2722 corpus,
491 2644 549 2704 hoc
564 2644 672 2704 habeat
690 2644 903 2722 longitudinem
920 2642 1118 2705 latitudinem·

109 2748 134 2788 ao
148 2751 205 2812 que
222 2739 251 2792 ει
267 2729 465 2798 altitudinem,
488 2736 516 2790 ει
537 2730 674 2808 quicquid
697 2730 770 2788 haec
792 2730 847 2788 tria
869 2730 899 2787 in
923 2747 954 2801 se
976 2729 1117 2796 continet,

216 2896 329 2946 anili.
400 2896 522 2960 3nilb‚
542 2898 561 2948 l.
638 2895 747 2962 9vero]
774 2897 847 2946 circo
871 2912 939 2946 corr.
958 2898 984 2945 in
1002 2911 1069 2946 vero
1088 2911 1118 2948 a.

149 2969 180 3016 10
198 2967 260 3029 ipsa
278 2980 346 3014 corr.
366 2967 392 3014 in
410 2965 499 3029 ipsum
518 2982 543 3028 a,
564 2981 585 3015 ε.
639 2968 671 3017 13
690 2963 890 3030 explicabitd‚
912 2965 931 3012 f.
985 2965 1018 3013 15
1035 2959 1115 3027 voro]

148 3048 213 3148 {ergo
233 3048 260 3148 st
278 3029 455 3149 sslpzngiitudo
477 3037 503 3083 et
511 3032 637 3151 1ΙέιιΙιιιιιιιο
657 3037 686 3082 et
705 3032 822 3081 altitudo
841 3047 870 3089 a;
889 3030 1032 3165 ltppglitudo
1051 3030 1118 3146 lpti-

160 3115 246 3149 noe
279 3116 295 3148 a
321 3115 438 3150 1uos.
571 3115 887 3151 rneaourooersumr.
960 3113 1058 3148 meae
1093 3113 1107 3147 c

148 3182 174 3228 s;
195 3171 223 3216 et
240 3183 320 3232 sarpro
337 3183 435 3219 uersum
453 3184 474 3218 r.
546 3172 577 3219 19
596 3117 708 3232 aliquid),
728 3167 798 3232 quod
818 3182 841 3227 c,
861 3167 880 3228 f,
899 3167 918 3227 l,
937 3181 964 3227 ες
984 3164 1058 3228 quod
1075 3134 1118 3215 su3

148 3251 198 3298 pro
216 3251 314 3285 oeream
332 3252 352 3288 r.
421 3238 452 3284 21
476 3235 625 3285 latitudine
648 3234 849 3298 altitudineque
873 3248 895 3285 ε.
963 3235 996 3282 22
1020 3248 1118 3298 supra·

150 3317 200 3365 que
221 3302 278 3365 a,l.
345 3306 377 3354 23
397 3319 445 3353 sex
464 3304 494 3366 d,
512 3304 532 3353 f.
584 3305 617 3353 26
636 3317 740 3353 summa
758 3317 953 3365 suprooersom
971 3315 992 3351 ε.
1017 3297 1029 3366 ΙΙ
1054 3316 1119 3350 εοιι-

149 3368 224 3419 ficiet
242 3370 270 3433 d;
291 3371 422 3420 conficiat
441 3387 545 3421 summa
563 3387 585 3422 r.
638 3369 876 3433 raucitudinem,
896 3371 986 3420 cnosso
1006 3382 1069 3433 que,
1091 3384 1118 3428 a,

150 3452 173 3500 c,
194 3436 220 3500 d,
239 3439 259 3502 f,
278 3455 300 3488 r.
371 3441 404 3490 30
421 3439 450 3486 in
468 3454 498 3488 se
517 3455 563 3488 om.
585 3454 608 3489 c.
