2392 3922
337 205 340 209 ,
402 156 495 209 rusr.
513 156 667 210 ssrrau.
685 159 727 220 11,
745 161 786 215 aa.
1019 158 1080 223 123

108 328 187 389 enim
210 346 313 388 omnes
334 329 465 389 omnium
494 344 596 387 rerum
622 326 799 387 substantias
821 336 956 392 constare
977 350 1012 392 ex
1034 351 1077 403 ea,

106 431 185 491 quae
212 415 352 492 propriae
380 430 510 488 suaeque
536 429 654 488 semper
677 411 856 472 habitudinis
877 421 922 473 est
943 432 998 475 nec
1018 415 1078 476 ullo

109 496 198 556 modo
211 504 405 575 permutatur,
420 505 449 556 et
458 512 490 556 ea
504 494 618 555 scilicet
638 503 752 563 natura,
767 514 841 571 quae
853 497 1002 557 variabilis
1014 516 1077 559 mo·

110 588 157 641 tus
176 588 221 641 est
235 583 338 642 sortita
356 580 558 641 substantiam.
586 579 622 638 Et
638 578 717 638 illam
737 582 861 657 primam
874 581 1076 643 inmutabilem

109 671 245 726 naturam
266 667 354 726 unius
370 663 561 739 eiusdemque
576 662 756 723 substantiae
771 673 891 734 vocant,
916 666 992 725 hanc
1007 677 1103 727 veroa

108 747 247 820 alterius,
280 749 391 809 scilicet
411 747 489 826 quod
511 765 526 804 a
549 749 644 826 prima
665 746 714 807 illa
739 748 902 809 inmutabili
923 748 1078 810 discedens

107 835 203 911 prima
225 834 264 893 sit
283 831 390 901 altera,
417 831 494 908 quod
517 833 657 891 nimirum
679 832 713 891 ad
736 833 877 893 unitatem
900 835 1028 909 pertinet
1049 841 1078 893 et

108 919 145 977 ad
171 915 358 985 dualitatem,
390 917 440 994 qui
465 933 608 976 numerus
634 919 748 994 primus
774 915 811 976 ab
837 936 896 977 uno
924 917 1077 978 discedens

107 1000 182 1060 alter
209 1001 302 1061 lactus
329 1007 382 1060 est.
426 999 463 1059 Et
490 1002 627 1078 quoniam
652 1002 750 1061 cuncti
772 1001 934 1062 secundum
957 1003 1077 1061 unitatis

105 1087 238 1162 speciem
259 1091 454 1161 naturamque
475 1085 594 1163 inpares
619 1086 734 1144 numeri
757 1085 875 1146 lormati
903 1094 984 1154 sunt,
1012 1087 1116 1161 qui-10

106 1187 164 1248 que
181 1186 215 1228 ex
233 1168 278 1228 his
294 1169 474 1229 coacervatis
489 1170 637 1244 tetragoni
652 1169 740 1238 liunt,
764 1168 872 1246 duplici
895 1169 983 1230 modo
999 1172 1075 1230 eius·
1167 1211 1172 1220 -

106 1253 173 1312 dem
201 1252 382 1313 substantiae
408 1253 567 1329 participes
593 1270 656 1312 esse
683 1254 836 1322 dicuntur,
860 1255 939 1332 quod
966 1252 1012 1314 vel
1039 1253 1075 1314 ab

105 1334 280 1414 aequalitate
300 1337 466 1398 formantur
486 1339 648 1414 tetragoni,
674 1336 718 1397 vel
741 1340 920 1398 coacervatis
938 1340 967 1397 in
983 1357 1075 1399 unum

106 1423 238 1480 numeris
253 1421 406 1497 inparibus
420 1430 627 1500 procreantur.
660 1419 706 1480 llli
722 1441 806 1491 vero,
829 1425 962 1501 quisunt
978 1440 1074 1499 pares,

107 1506 244 1583 quoniam
266 1505 372 1565 binarii
395 1506 512 1566 numeri
533 1506 645 1565 formae
666 1514 748 1575 sunt,
771 1509 879 1584 quique
895 1526 931 1568 ex
947 1509 992 1566 liis
1008 1518 1113 1567 coa-15

105 1591 214 1651 cervati
237 1588 412 1666 collectique.
433 1592 463 1650 in
485 1606 573 1650 unam
596 1591 766 1666 congeriem
788 1599 871 1669 parte
892 1590 984 1652 altera
1008 1591 1074 1651 lon-

105 1674 203 1750 giores
234 1675 351 1733 numeri
380 1681 555 1742 nascuntur,
592 1674 623 1734 hi
652 1675 815 1735 secundum
845 1677 938 1751 ipsius
967 1675 1074 1736 binarii

106 1759 221 1817 numeri
247 1767 381 1818 naturam
403 1757 440 1817 ab
468 1758 597 1818 eiusdem
625 1758 806 1819 substantiae
832 1767 937 1818 natura
964 1761 1074 1820 disces·

105 1841 178 1902 sisse
199 1841 352 1910 dicuntur,
376 1850 577 1919 putanturque
598 1841 718 1902 alterius
734 1849 857 1901 naturae
873 1860 938 1902 esse
954 1844 1072 1918 partici-

103 1943 157 2003 pes
169 1926 290 1995 idcirco,
305 1927 452 2004 quoniam,
466 1943 533 1984 cum
547 1924 638 1985 latera
652 1934 875 2000 tetragonorum
890 1924 926 1984 ab
943 1923 1071 2001 aequali·
1085 1940 1112 1980 ro

103 2017 163 2070 tate
175 2027 333 2088 progressa
345 2012 376 2069 in
390 2008 594 2085 aequalitatem
607 2010 746 2088 propriae
757 2008 919 2069 latitudinis
931 2008 1073 2069 ambitum

103 2093 239 2164 tendant,
261 2095 293 2155 hi
313 2094 429 2154 adiecto
451 2110 509 2153 uno
530 2091 567 2153 ab
588 2090 762 2170 aequalitate
783 2092 907 2152 laterum
930 2094 1073 2153 discesse-

84 2182 173 2238 'runt
198 2186 285 2256 atque
311 2179 379 2239 ideo
406 2175 598 2238 dissimilibus
631 2175 772 2236 lateribus
799 2188 829 2237 et
855 2176 1072 2255 quodammodo

101 2278 167 2322 ase
182 2261 280 2323 alteris
295 2264 527 2338 coniunguntur.
573 2261 671 2330 Quare
687 2269 789 2321 notum
805 2261 890 2322 nobis
906 2269 964 2331 est,
992 2260 1071 2340 quod

102 2365 138 2406 ex
154 2346 200 2406 his
215 2365 265 2414 ea,
282 2365 357 2424 quae
372 2349 487 2406 suntin
504 2345 702 2414 boemundo,
719 2347 876 2407 coniuncta
893 2354 971 2406 sunt.
1015 2346 1074 2406 Aut
1085 2359 1111 2399 as

101 2431 182 2490 enim
208 2432 346 2507 propriae
372 2428 556 2491 inmutabilis
588 2430 778 2509 eiusdemque
810 2430 990 2491 substantiae
1017 2437 1070 2499 est,

100 2513 180 2592 quod
204 2521 248 2574 est
271 2515 342 2574 deus
362 2515 408 2575 vel
430 2516 525 2576 anima
547 2513 592 2575 vel
612 2532 696 2575 mens
719 2514 763 2575 vel
784 2515 981 2593 quodcunque
1001 2532 1071 2594 pro·

170 2683 297 2732 lomnes
315 2698 361 2734 om.
382 2698 409 2744 c,
434 2682 458 2745 f,
483 2698 509 2743 s;
534 2699 615 2747 supra
637 2699 734 2732 aereum
755 2684 784 2745 b;
809 2686 886 2733 litura
904 2700 924 2734 r.
960 2680 971 2748 ΙΙ
1007 2683 1070 2733 sub·

99 2751 236 2799 stantiam
259 2766 286 2812 c,
311 2765 332 2798 s.
403 2753 418 2799 2
442 2752 553 2814 proprie
576 2766 598 2798 c.
671 2752 864 2801 4substantia
887 2752 906 2801 f.
939 2747 951 2816 ΙΙ
985 2750 1071 2815 primo

101 2831 132 2880 s,
151 2817 184 2879 b,
203 2832 231 2879 c,
250 2817 274 2879 l,
293 2833 314 2869 r.
347 2813 359 2882 ΙΙ
394 2818 584 2867 inmotabilem
605 2833 626 2868 r.
696 2818 870 2869 6immobili
889 2818 914 2871 d.
944 2816 957 2884 ΙΙ
990 2817 1070 2869 dece·

99 2881 168 2937 deus
191 2899 219 2945 o;
250 2884 422 2935 descendens
445 2901 467 2934 s.
547 2886 563 2934 8
587 2883 723 2934 decedens
748 2900 778 2948 e,
801 2886 825 2946 ῖς
856 2887 1027 2936 descendens
1049 2899 1072 2937 s.

101 2952 132 3000 11
152 2950 331 3016 eiusdemque
351 2969 380 3014 a,
404 2955 435 3014 b;
466 2953 548 3002 unius
569 2950 746 3016 eiusdemque
765 2967 787 3001 s.
857 2955 889 3003 15
906 2951 963 3018 his]
985 2953 1025 3001 eis
1043 2967 1069 3004 s.

99 3019 134 3069 20
152 3017 230 3084 cum]
257 3035 318 3070 eum
336 3037 405 3074 corr.
424 3023 450 3069 in
470 3035 529 3069 cum
548 3035 578 3080 aa
608 3033 660 3068 con
677 3035 703 3080 r;
732 3034 792 3069 cum
810 3035 856 3071 om.
876 3020 903 3070 d.
936 3019 948 3087 ΙΙ
981 3020 1069 3072 letare

98 3101 168 3136 corr.
188 3088 215 3136 in
233 3087 325 3137 latera
342 3104 366 3138 r.
436 3089 469 3137 22
491 3086 608 3136 tendunt
626 3101 649 3134 c.
688 3081 701 3151 11
739 3086 850 3138 abiecto
868 3104 937 3138 corr.
961 3090 987 3138 in
1011 3086 1070 3138 odi·

98 3158 179 3204 cocto
198 3170 224 3204 s.
294 3158 327 3206 23
345 3156 519 3205 desimilibus
538 3170 559 3205 r.
588 3150 600 3218 il
633 3153 769 3204 lateribus
787 3161 915 3206 constant
933 3171 958 3205 s.
988 3153 1000 3223 ΙΙ
1030 3161 1058 3204 et

96 3221 144 3270 vel
162 3237 231 3274 corr.
248 3224 276 3272 in
294 3227 323 3273 et
345 3239 373 3274 a.
423 3225 457 3272 24
475 3238 491 3271 o
509 3237 538 3272 se
556 3237 752 3285 supraversum
769 3237 799 3284 εις
821 3239 936 3288 usupra
958 3239 988 3275 se
1006 3222 1057 3287 d.l

97 3289 178 3338 nobis
196 3294 292 3339 notum
315 3307 342 3352 c,
368 3290 391 3353 l,
417 3305 439 3342 s.
514 3291 546 3339 26
566 3289 639 3339 enim
661 3303 708 3342 om.
728 3303 749 3341 s.
783 3286 795 3354 11
828 3292 939 3356 proprie
959 3307 987 3354 c,
1007 3292 1033 3343 d.
1054 3283 1069 3354 ll

99 3355 215 3419 eiusque
233 3374 255 3407 r.
326 3361 358 3408 27
382 3357 455 3424 quod
478 3362 521 3407 est
539 3356 621 3420 deus]
649 3360 680 3405 ut
699 3355 765 3406 deus
791 3364 834 3409 est
851 3375 877 3420 η
902 3360 973 3423 quod
990 3363 1067 3424 deus,

96 3422 171 3487 qnod
188 3426 216 3473 in
232 3430 264 3474 ut
280 3442 349 3478 corr.
367 3425 397 3486 d;
416 3429 447 3475 ut
466 3424 534 3474 deus
552 3425 571 3484 f,
590 3439 615 3486 s;
638 3423 709 3488 quod
729 3430 771 3475 ost
790 3426 870 3488 deos,
891 3427 963 3490 quod
982 3434 1024 3480 est
1042 3427 1069 3479 in

97 3493 229 3556 eitonam,
249 3493 268 3548 l.
296 3491 308 3560 Η
337 3508 412 3542 mens
433 3497 474 3543 est
493 3493 518 3553 d,
540 3491 561 3559 f,
580 3507 601 3554 r,
621 3508 642 3546 ε.
