2392 3922
354 154 447 214 mar.
464 155 620 210 anrrflu.
638 159 666 217 1,
685 159 725 210 aa.
982 154 1025 218 49

54 349 147 394 unum
168 331 348 399 intermittit,
370 327 477 409 triplus
500 327 545 389 ·ll·
568 325 750 405 quadruplus
767 326 827 387 ·lll·
846 328 1024 408 quincuplus

54 417 131 477 ·llll·
148 423 177 476 et
198 416 338 494 deinceps
359 414 394 476 ad
416 412 544 474 eundem
567 410 700 471 ordinem
721 412 873 488 sequentia
890 421 943 472 est.
988 411 1024 473 ut

55 518 160 561 omnes
175 500 292 580 quidem
304 499 388 579 dupli
403 497 568 558 secundum
581 495 716 574 proprias
728 497 896 571 sequentias
909 500 1024 576 partum

55 600 248 647 rrumerorum
270 600 359 664 pares
373 591 458 650 suut;
480 578 562 658 tripli
582 596 653 639 vero
671 596 748 639 unus
763 596 881 659 semper
895 596 949 660 par
964 591 1023 643 ter·

55 671 169 740 minus,
192 671 278 748 inpar
299 668 374 729 alius
388 667 549 733 invenitur3
573 662 730 742 quadrupli
745 680 815 724 vero
830 678 934 726 rursus
948 684 1022 726 scm-
1037 683 1050 722 s

56 772 111 835 par
140 770 246 833 parem
280 751 451 812 custodiunt
481 751 670 826 quantitatem
701 750 981 828 constituunturque
1011 769 1026 810 a

55 847 165 916 quartu
185 852 314 898 numero
336 853 395 895 uno
417 853 452 894 ex
473 832 621 912 prioribus
636 850 692 912 per
707 833 842 893 ordinem
858 835 962 912 positis
977 853 1028 912 pa·

56 923 143 984 ribus
163 921 349 989 intermisso,
378 920 475 998 primo
502 920 565 996 pari
588 917 719 989 binario,
747 926 815 997 post
840 918 921 979 hunc
944 917 1027 979 ·Vlll·

59 1007 231 1065 intermisso
252 1005 381 1072 senario,
412 1011 478 1080 post
500 1003 580 1063 bunc
602 1002 674 1064 ·llll·
697 1005 871 1064 trausmisso
895 1003 1026 1072 denario,

59 1097 150 1168 atque
171 1088 228 1150 hoc
243 1088 320 1149 idem
338 1090 365 1148 iu
382 1089 496 1148 ceteris.
542 1086 701 1167 Quincupli
716 1105 786 1149 vero
802 1089 966 1166 propositio
982 1105 1026 1147 se·
1042 1106 1067 1145 ιο

56 1173 188 1235 cundum
216 1171 339 1251 triplicis
364 1171 585 1234 similitudinem
608 1171 775 1233 alternatim
797 1171 918 1252 paribus
939 1179 1028 1252 atquc

55 1257 208 1338 inparibus
221 1259 325 1338 positis
341 1257 505 1318 ordinatur.

140 1433 184 1488 De
199 1433 469 1503 superparticulari
484 1434 602 1503 eiusque
617 1433 768 1501 speciebus
784 1446 942 1505 earumque

425 1517 670 1590 peuerutiouibus.

118 1645 234 1707 Xllllll.
281 1645 658 1726 superparticularisvero
680 1654 723 1708 est
743 1665 886 1708 numerus
902 1647 937 1709 ad
954 1646 1025 1708 alte·
1042 1665 1066 1704 ra

56 1748 123 1792 rum
145 1740 351 1810 comparatus,
382 1733 518 1810 quotiens
539 1730 630 1792 babet
655 1733 684 1790 in
712 1749 743 1791 se
765 1738 860 1792 totum
881 1734 1026 1793 minorem

57 1825 85 1876 et
112 1817 177 1876 eius
197 1815 323 1893 aliquam
345 1825 479 1893 partem;
510 1815 605 1893 quisi
633 1816 756 1876 minoris
782 1815 891 1876 habeat
917 1816 1027 1876 medie·

54 1908 162 1968 tatem,
184 1907 306 1960 vocatur
321 1899 501 1977 sesqualter,
524 1901 549 1957 si
569 1917 640 1958 vero
656 1899 773 1958 tertiam
789 1907 921 1978 partem,
944 1918 1028 1959 voca·

56 1991 108 2043 tur
130 1981 351 2060 sesquitertius,
381 1984 405 2042 si
427 2000 498 2042 vero
520 1992 669 2060 quartam,
697 1983 934 2060 sesquiquartus,
958 1990 987 2041 et
1007 1985 1031 2044 si

58 2067 206 2146 quintam,
234 2074 354 2126 vocatur
376 2066 612 2145 sesquiquintus;
635 2074 721 2145 atque
743 2065 790 2126 his
812 2065 980 2127 nominibus
1002 2067 1030 2126 in
1044 2085 1069 2125 ac

57 2151 205 2212 inlinitum
234 2149 335 2211 ductis*
356 2152 387 2210 in
409 2151 556 2212 inlinitum
578 2168 696 2231 quoque
718 2149 1030 2230 superparticularium

58 2237 153 2297 forma
169 2235 369 2314 progreditur.
403 2234 440 2295 Et
455 2235 720 2315 maicrcs’quidem
737 2238 854 2296 numeri
869 2236 926 2296 boc
941 2236 1030 2296 modo

58 2327 216 2390 vocantur,
240 2321 369 2381 minores
391 2340 475 2390 vero,
500 2323 549 2400 qui
570 2320 719 2381 habentur
740 2323 792 2382 toti
815 2329 843 2381 et
859 2340 961 2383 eorum
977 2321 1028 2382 ali-

59 2424 116 2486 qua
133 2421 219 2484 pars,
242 2421 318 2464 unus
334 2404 563 2484 subsesqualter‚
581 2405 654 2467 alter
670 2406 940 2486 subsesquitertius,
956 2406 1029 2468 alius

58 2490 353 2568 subsesquiquartus,
370 2490 443 2551 alius
460 2509 528 2551 vero
544 2490 830 2571 subsesquiquintus,
847 2499 934 2571 atque
949 2492 1026 2554 idern
1042 2508 1068 2548 as

58 2573 224 2635 secundom
246 2575 390 2635 maiorum
413 2592 548 2635 normam
573 2575 850 2656 multitudinemque
876 2577 1027 2656 protendi·

58 2667 117 2718 tur.
162 2659 243 2720 Voco
265 2665 362 2720 autem
385 2662 512 2721 maiores
534 2677 676 2722 numeros
698 2660 801 2738 duces,
827 2664 957 2724 minores
979 2681 1028 2723 co·

130 2828 143 2876 1
162 2829 343 2891 intermittat,
363 2844 380 2878 a
393 2831 419 2878 ira
431 2829 440 2877 i
453 2837 556 2889 mutata,
575 2846 600 2884 a.
624 2826 636 2896 ll
660 2830 713 2881 duo
727 2831 746 2883 f.
770 2827 782 2897 ΙΙ
805 2835 862 2881 tres
875 2832 894 2881 f.
948 2835 963 2882 3
982 2832 1029 2881 du-

57 2895 148 2959 plices
173 2895 193 2945 f.
226 2892 238 2962 ll
272 2897 484 2960 consequentias
503 2897 523 2951 f.
559 2893 570 2963 {l
604 2899 718 2962 primum
737 2913 879 2949 numerum
902 2907 928 2949 et
949 2915 1030 2965 supra

57 2994 158 3030 versum
169 2980 277 3046 parium
290 2996 461 3031 numerorum
475 2998 496 3032 r.
532 2983 547 3030 6
561 2983 807 3048 custodiunturque
819 2985 846 3034 iu
859 2985 1031 3034 constituun-

58 3052 158 3111 turque
170 3053 289 3098 mutatum
302 3064 325 3101 c.
384 3051 399 3098 7
417 3050 556 3115 prioribus
575 3059 601 3100 et
617 3064 698 3116 supra
714 3065 732 3117 p
747 3068 761 3102 e
775 3058 800 3102 et
811 3066 892 3116 supra
905 3068 918 3101 e
932 3067 963 3102 au
976 3052 1001 3102 d.
1016 3049 1029 3115 ΙΙ

58 3115 88 3164 in
111 3114 235 3166 ordinem
260 3131 286 3177 s;
317 3115 410 3167 ordine
435 3118 465 3181 d,
496 3119 524 3167 in
549 3118 672 3169 ordinem
701 3126 725 3169 et
747 3135 828 3185 supra
851 3119 881 3168 iu
904 3116 917 3170 l
938 3135 985 3184 per
1009 3135 1030 3169 r.

59 3184 75 3234 8
93 3183 156 3248 pari
168 3198 281 3234 numero
296 3197 321 3246 a,
335 3184 362 3234 b.
417 3187 433 3236 9
451 3187 594 3236 trasmisso
607 3202 633 3248 r,
653 3187 811 3237 intermisso
826 3202 850 3238 c.
904 3188 937 3238 10
954 3186 1030 3252 quin-

58 3249 148 3316 quipli
166 3267 193 3314 r,
214 3252 378 3317 quinquupli
397 3269 424 3313 c,
445 3269 466 3303 a.
538 3255 569 3303 12
592 3253 753 3305 ordinantur
771 3271 797 3318 r,
817 3270 839 3307 s.
910 3255 942 3306 13
962 3254 1027 3303 Titu-

58 3319 98 3368 lus
119 3320 212 3384 lepilur
233 3321 260 3370 iu
282 3323 395 3386 marpiue
417 3322 444 3370 in
472 3320 506 3370 d:
546 3322 588 3372 De
612 3321 859 3388 superparticulari
883 3325 913 3372 et
934 3320 984 3372 rel.
1010 3336 1030 3368 r.

58 3384 200 3452 Sequentia
217 3396 299 3438 autem
317 3388 395 3439 uerba
406 3391 519 3439 secunda
530 3405 604 3440 manu
616 3390 706 3439 addita
718 3399 785 3440 sunt.
810 3387 822 3456 Η
846 3403 992 3451 eorumque
1008 3401 1030 3444 a,
1101 3396 1104 3401 ·

58 3459 87 3504 et
107 3469 201 3504 earum
219 3455 238 3507 1,
310 3457 342 3506 15
360 3455 446 3509 XXV.
465 3456 483 3509 l.
556 3459 587 3506 16
606 3458 713 3520 quoties
734 3475 758 3509 a.
823 3458 856 3506 19
874 3456 933 3505 sive
952 3464 1030 3515 quar·

58 3526 116 3570 tam
135 3538 161 3577 a.
231 3525 414 3574 moeream,
435 3539 459 3572 c.
529 3526 562 3574 26
583 3524 715 3574 maiorem
735 3521 955 3588 a,b,t,a,a.

94 3621 225 3657 scurrus.
822 3611 846 3668 4
