2392 3922
137 127 189 211 6οζ
436 125 527 177 rusa.
547 124 701 177 lernau.
718 125 745 188 1,
765 126 807 178 ao.

138 298 218 359 tibus
244 295 394 358 radicibus
421 297 566 356 oriuntur.
603 293 726 355 Radices
753 299 850 353 antem
877 292 1110 370 proportionum

138 402 211 444 voco
227 399 368 443 numeros
387 382 418 441 in
438 380 591 459 superiore
610 379 800 458 dispositione
823 377 1002 456 descriptos,
1025 380 1112 456 qnasi

139 467 246 548 quibus
262 468 359 527 omnis
373 482 487 526 summa
503 464 689 544 supradictae
704 463 932 543 comparationis
947 461 1094 523 innititur.

203 552 266 612 Hoc
280 569 398 630 quoque
413 550 571 611 videndum
588 556 645 618 est,
663 549 817 628 quoniam,
834 565 900 607 curn
918 546 993 607 duae
1008 555 1113 627 partes

114 655 176 697 sex
192 637 307 698 minore
328 635 395 715 plus
415 637 444 695 in
467 633 627 694 maioribus
647 642 730 703 sunt,
753 633 832 693 tertii
847 648 964 711 semper
980 631 1111 692 vocabu·

139 720 200 782 lum
216 721 407 790 subauditur,
430 727 461 780 ut
483 717 736 797 superbipartiens
757 718 807 794 qui
823 716 944 786 dicitur,
968 718 1110 795 quoniam

140 806 213 867 duas
228 806 351 866 minoris
367 805 484 864 numeri
498 804 601 863 tertias
616 811 716 881 partes
730 801 828 871 habet,
846 801 961 861 dicatur
972 800 1110 880 superbi·

140 892 271 969 partiens
286 891 402 954 tertias:
428 897 457 947 et
479 904 545 946 cum
569 887 635 947 dico
657 887 933 966 supertripartiens,
955 884 1111 946 subaudiri

141 993 263 1036 necesse
284 977 322 1034 sit
341 968 605 1050 supertripartiens
625 977 761 1051 quartas,
793 972 933 1050 quoniam
949 969 1044 1030 tribus
1059 989 1109 1031 su·

103 1078 195 1139 roper
222 1059 334 1136 quartis
361 1055 516 1124 exuberat;
546 1064 574 1116 et
609 1055 942 1134 superquadripartienti
969 1053 1111 1115 subaudi·

142 1155 189 1205 tur
210 1141 540 1223 superquadripartiens
568 1141 699 1217 quintas,
733 1149 762 1200 et
783 1140 818 1200 ad
840 1138 966 1200 eundem
987 1139 1111 1199 modum

140 1231 171 1287 in
193 1228 299 1287 ceteris
320 1243 379 1286 uno
401 1243 519 1304 semper
540 1225 654 1285 adiecto
676 1242 766 1303 super
787 1223 902 1284 liabitas
923 1229 1021 1303 partes
1036 1223 1112 1282 sub·

142 1310 253 1372 auditio
275 1309 408 1370 iacienda
424 1317 482 1378 est,
507 1317 663 1370 uteorum
685 1325 825 1386 germana
847 1301 1113 1386 convenientiaque

141 1395 187 1455 bis
208 1395 326 1455 nomina
349 1394 422 1455 baec
443 1395 515 1454 stnt:
538 1396 588 1473 qni
610 1393 718 1454 dicItur
736 1391 1003 1472 superbipartiens,
1030 1391 1111 1452 idem

104 1497 129 1536 ro
143 1480 257 1541 dicatur
277 1478 518 1559 superbitertius;
541 1481 591 1558 qui
608 1478 715 1539 dicitur
730 1477 1006 1556 supertripartiens,
1029 1477 1053 1536 is
1075 1478 1114 1537 sit

142 1566 411 1644 supertriquartus,
429 1564 523 1644 etqui
540 1564 646 1624 dicitur
661 1561 1006 1640 superquadripartiens,
1030 1560 1112 1622 idem

143 1649 255 1710 dicatur
271 1649 604 1728 superquadriquintus,
627 1647 790 1727 eademque
811 1645 1001 1707 similitudine
1016 1664 1112 1725 usqne

142 1737 173 1795 in
188 1734 334 1795 inlinitum
350 1735 468 1794 nomina
488 1733 699 1811 producantur.
735 1734 750 1757 ⁴

373 1926 417 1983 De
432 1926 584 1996 multiplici
597 1924 873 1996 superparticulari.

103 2091 129 2130 ao
206 2073 345 2135 xxvllll.
366 2073 459 2150 lgitur
475 2069 584 2132 relatae
601 2071 635 2132 ad
653 2069 761 2150 aliquid
777 2071 946 2150 quantitatis
961 2067 1112 2148 simplices

143 2166 173 2218 et
188 2161 300 2236 primae
315 2160 430 2236 species
451 2156 507 2217 bae
527 2163 604 2216 sunt.
636 2155 716 2215 Duae
739 2172 808 2215 vero
829 2153 902 2215 aliae
919 2172 954 2214 ex
969 2154 1016 2216 his
1031 2153 1113 2226 velut

143 2260 178 2303 ex
195 2241 342 2320 aliquibus
357 2241 509 2318 principiis
524 2247 752 2318 componuntur,
769 2246 800 2298 ut
813 2238 991 2320 multiplices
1005 2257 1111 2318 super·

142 2323 337 2405 particulares
345 2334 373 2385 et
380 2322 557 2400 multiplices
570 2324 831 2402 superpartientes
845 2324 1111 2402 horumquecomi·

142 2418 187 2470 tes
208 2406 444 2488 submultiplices
459 2406 744 2487 superparticulares
760 2417 789 2470 et
804 2406 1041 2487 submultiplices
1062 2427 1111 2468 su·

105 2509 130 2549 aa
143 2493 367 2573 perpartientes.
379 2491 512 2572 Namque
524 2494 554 2552 in
564 2491 610 2552 his
619 2494 689 2553 utin
699 2494 856 2572 praedictis
869 2493 1112 2573 proportionibus

144 2580 273 2638 minores
288 2578 405 2636 numeri
421 2594 524 2638 omnes
539 2577 635 2637 addita
651 2576 706 2638 sub
727 2579 944 2655 praepositione
961 2577 1110 2647 dicuntur,

194 2782 209 2830 2
227 2794 355 2831 numeros
368 2795 437 2831 voco
451 2779 469 2829 f.
483 2775 495 2846 ΙΙ
507 2794 575 2843 quos
587 2787 728 2831 correctum
740 2781 766 2830 in
779 2780 859 2845 quasi
872 2795 896 2834 a.
933 2783 948 2831 3
961 2779 1112 2829 inmittitur

142 2854 284 2898 correnum
295 2850 322 2898 iu
334 2846 462 2898 innititur
475 2863 500 2901 a,
535 2849 552 2898 4
565 2847 598 2897 In
609 2846 663 2897 hoc
676 2863 700 2910 a,
716 2863 742 2910 s;
755 2848 816 2899 Hoc
829 2855 856 2898 et
865 2864 895 2898 su
914 2863 1068 2898 reversum:
1077 2846 1111 2896 In

143 2912 185 2966 al:
199 2916 229 2964 in
240 2914 292 2966 hoc
304 2916 330 2966 b.
341 2911 354 2982 l]
367 2919 409 2966 est
419 2931 501 2980 stupra
513 2931 611 2966 uersum
622 2931 675 2966 rec.
693 2932 767 2966 manu
779 2931 800 2965 r.
836 2916 852 2964 8
865 2864 970 2982 elfred
982 2913 1003 2972 l;
1023 2913 1074 2965 sed
1086 2920 1112 2964 et

142 2998 222 3048 supra
234 2999 331 3035 uersum
344 2981 374 3034 al
387 2988 415 3034 et
427 2983 454 3036 b.
466 2979 478 3050 ll
490 2982 639 3034 subaudire
652 2997 768 3034 necesse
781 2986 824 3035 est
836 2983 856 3033 f.
909 2985 925 3033 9
937 2986 968 3034 ut
981 2982 1112 3047 quoniam

144 3065 160 3100 a
172 3057 199 3100 et
210 3049 239 3108 d;
252 3053 300 3102 secl
311 3053 336 3102 in
349 3049 366 3102 d
377 3056 409 3102 ut
421 3058 459 3102 est
471 3053 606 3102 inductum.
643 3053 675 3103 10
687 3065 769 3118 super
785 3055 907 3116 quartas,
922 3058 948 3101 et
960 3066 1041 3115 supra
1053 3065 1111 3101 aer·

141 3132 204 3168 anm:
216 3117 245 3168 in
258 3117 288 3170 el
299 3123 497 3186 superquartae
506 3120 532 3170 b.
545 3115 559 3187 l}
571 3123 729 3184 exuperato,
811 3121 850 3173 11.
866 3117 1112 3186 superquadripar-

142 3181 226 3250 tiens]
240 3202 323 3255 super
340 3203 386 3239 om.
407 3203 432 3237 c.
473 3189 504 3238 12
517 3186 704 3255 superhabitis
723 3202 749 3238 a.
791 3188 822 3237 14
839 3191 871 3237 ut
884 3188 931 3252 qui
944 3186 970 3251 f,
983 3185 1007 3250 13
1026 3189 1057 3235 ut
1068 3201 1111 3236 su·

139 3269 192 3317 pra
204 3269 301 3305 uersum
312 3256 470 3319 adscriptum
482 3262 521 3306 est
533 3258 559 3306 in
572 3271 599 3318 a,
611 3255 639 3319 b,
653 3253 678 3318 d,
691 3269 714 3319 r,
728 3270 750 3309 s.
768 3250 779 3320 ΙΙ
796 3255 1035 3322 superbipartiens
1060 3269 1112 3318 sup

142 3336 195 3370 eum
212 3323 290 3373 litura
309 3339 333 3376 c.
392 3322 660 3378 asstruebant.
721 3325 755 3375 20
772 3321 905 3373 XXVIIII
923 3338 969 3375 om.
988 3315 1038 3388 nl
1069 3337 1111 3372 re-

141 3387 228 3442 lictae
247 3407 315 3442 corr.
334 3393 360 3442 iu
378 3390 486 3442 relatae
505 3407 522 3440 a
544 3387 557 3458 ΙΙ
585 3389 620 3441 ad
638 3405 685 3441 om.
706 3405 728 3439 c.
807 3390 840 3440 26
857 3391 923 3442 Post
939 3389 1046 3440 numeri
1064 3389 1111 3439 ad-

142 3458 204 3508 dunt
223 3463 251 3510 et
270 3474 363 3512 eorum
381 3459 491 3524 species
510 3458 535 3523 f,
559 3474 585 3521 r;
609 3461 638 3509 et
660 3472 753 3509 eorum
772 3471 881 3524 quoque
904 3456 1014 3525 speeies
1034 3469 1060 3517 s;
1079 3456 1113 3522 “ln
