2392 3922
374 165 466 218 rusr.
486 166 638 219 terrun.
658 166 700 231 11,
719 169 760 216 aa.
988 167 1047 231 127

76 350 183 394 norum
210 333 247 393 ab
274 336 387 396 unitate
413 336 545 395 omnium
576 343 605 395 et
632 354 648 394 a
674 334 790 396 binario
816 342 940 397 numero
966 347 1049 417 parte

76 416 168 478 altera
183 416 362 495 longiorum.

139 552 160 612 1.
205 552 268 613 IIII.
285 552 369 614 VIIII.
415 553 487 613 XVI.
532 553 616 613 XXV.
661 552 787 614 XXXVI.
833 554 970 614 XLVIIII.

139 636 173 696 II.
210 636 254 696 VI.
285 637 345 697 XII.
418 636 479 696 XX.
536 635 623 696 XXX.
662 636 748 697 XLII.
837 638 906 698 LVI.

72 770 188 831 Horum
204 772 293 848 Igitur
308 773 333 830 si
349 770 477 849 prImum
493 787 647 847 compares
662 772 773 848 primo,
796 770 879 849 dupli
896 773 1043 850 quantitas
1057 786 1069 826 ⁵

72 856 237 925 invenitur,
260 873 336 933 quae
358 864 402 914 est
423 855 516 932 prima
534 853 756 932 multIplicitatIs
775 859 906 934 specics,
929 858 953 915 si
974 875 1044 915 vero

72 938 238 999 secundum
268 939 397 998 secundo
424 937 579 998 hemioIIae
605 941 775 1016 quantitatis
806 940 947 1000 habitudo
974 959 1044 1020 pro-

71 1023 213 1091 ducitur,
233 1022 258 1080 si
279 1024 397 1082 tertium
420 1025 506 1082 tertio
521 1025 706 1100 sesquitertia
728 1025 883 1103 proportio
905 1042 1043 1103 procrea·

71 1115 129 1175 tur,
151 1107 176 1166 si
189 1113 327 1182 quartum
343 1117 456 1183 quarto,
473 1109 688 1186 sesquiquarta,
703 1116 731 1169 el
743 1109 916 1188 si'quiutum
929 1111 1041 1187 quinto,

71 1191 290 1269 sesquiquinta,
308 1200 337 1251 et
345 1191 414 1250 hinc
426 1191 738 1271 superparticularium
751 1210 885 1253 normam
897 1194 927 1252 in
941 1212 1042 1272 quam·
1056 1205 1082 1244 10

72 1276 116 1335 vis
138 1273 341 1351 longissImum
371 1277 498 1354 spatium
528 1276 721 1353 progrediens
747 1279 892 1354 integram
918 1279 1042 1338 inolien·

73 1376 199 1437 samque
215 1360 383 1438 repperies
405 1361 445 1420 ita
461 1361 537 1420 utin
556 1361 651 1440 prima
669 1361 750 1440 dupli
767 1363 961 1440 proportione
978 1364 1042 1422 uni·

72 1443 143 1504 tatis
158 1442 248 1503 solius
264 1444 301 1502 sit
317 1443 490 1513 differentia,
508 1443 566 1503 duo
583 1462 710 1523 namque
726 1445 762 1506 ab
775 1463 834 1506 uno
851 1445 911 1506 sola
925 1465 1042 1525 semper

74 1526 244 1604 discrepant
264 1529 384 1587 unitate.
421 1528 454 1588 ln
476 1527 658 1607 sesqualtera
680 1547 748 1590 vero
771 1529 898 1591 duorum
921 1540 965 1590 est
987 1530 1041 1589 dil·

73 1612 216 1680 lerentia,
238 1613 269 1670 in
290 1614 476 1688 sesquitertia
500 1615 604 1681 trium,
627 1614 657 1671 in
679 1615 881 1692 sesquiquarta
904 1622 1041 1693 quattuor
1055 1625 1082 1665 1⁵

74 1704 104 1756 et
120 1695 257 1774 deinceps
280 1696 442 1756 secundum
463 1698 749 1775 superparticulares
770 1701 881 1758 lormas
903 1716 1041 1759 numero-

72 1798 155 1848 rum,
172 1778 251 1858 qnod
267 1779 303 1839 ad
319 1780 500 1841 differentias
516 1780 640 1849 adtinet,
658 1800 718 1841 unc
734 1788 847 1842 tantum
863 1784 971 1842 crescit
988 1781 1039 1841 ad·

74 1863 163 1926 iectio
179 1881 338 1924 numerum
355 1861 505 1942 explicans
522 1863 696 1924 naturalem.

216 1996 238 2058 1.
347 1997 408 2058 llll.
519 1997 603 2058 VIIII.
712 1997 784 2058 XVI.
893 1998 979 2058 XXV.

138 2082 161 2142 1.
270 2081 306 2142 11.
436 2081 485 2142 III.
627 2081 688 2142 IIII.
819 2083 851 2140 V.
1057 2092 1082 2132 20

216 2165 251 2226 II.
345 2168 392 2227 VI.
511 2165 575 2227 XII.
711 2165 772 2227 XX.
891 2166 979 2226 XXX.

73 2302 126 2363 Sin
146 2319 217 2362 vero
238 2302 400 2362 secundum
426 2308 612 2378 tetragonum
636 2302 732 2377 primo
756 2310 840 2378 parto
862 2300 954 2362 altera
976 2300 1040 2361 lon·

73 2387 150 2465 giori
170 2402 325 2463 compares
347 2393 377 2445 et
397 2387 517 2445 tertium
540 2385 671 2445 secundo
694 2394 723 2447 et
744 2394 882 2463 quartum
901 2387 987 2445 tertio
1012 2392 1042 2445 et

72 2471 208 2549 quintum
226 2477 345 2546 quarto,
363 2469 481 2529 easdem
498 2487 600 2530 rursus
616 2471 824 2549 proportiones
840 2469 917 2530 ellici
932 2487 1041 2548 perno-

74 2553 161 2625 tabis,
179 2570 253 2630 quas
268 2557 299 2614 in
314 2556 468 2631 superiore
484 2554 578 2613 lorma
592 2553 810 2633 descripsimus,
827 2555 878 2615 sed
895 2555 943 2615 hic
959 2554 1041 2615 dilie·
1056 2564 1082 2606 2⁵

71 2639 187 2701 rentiae
202 2637 239 2698 ab
254 2639 366 2698 unitate
383 2655 441 2697 non
457 2638 611 2707 inchoant,
633 2638 685 2699 sed
707 2657 723 2699 a
739 2637 853 2699 binario
869 2656 995 2699 numero
1011 2640 1039 2698 in

72 2722 220 2784 infinitum
250 2740 306 2800 per
335 2723 456 2783 cosdem
487 2721 615 2783 calculos
646 2721 893 2800 progrediuntur,
926 2724 1041 2799 eritque

73 2805 223 2868 secundus
243 2808 347 2884 primis
363 2805 469 2885 duplu,
494 2808 597 2868 tertius
613 2805 735 2867 secundi
751 2805 932 2884 sesqualter,
956 2824 1043 2885 quar·

141 3008 248 3058 4LVI.
268 3023 315 3060 cm.
334 3007 353 3057 l.
440 3008 561 3072 oprimo
581 3021 715 3072 conpares
734 3023 759 3055 a.
784 3003 796 3071 ΙΙ
820 3022 930 3071 compa,
951 3010 1041 3058 emtam

73 3091 130 3135 res,
149 3074 169 3125 l.
194 3071 205 3141 ll
229 3075 347 3140 duplicis
366 3080 387 3125 r‘.
475 3075 657 3125 Vomiholiae
681 3090 713 3138 e,
738 3073 867 3122 emioliec
885 3089 914 3133 c,
937 3073 1042 3123 haemi-

72 3143 175 3193 moliae
188 3158 211 3195 r.
266 3141 430 3192 13-14du0
449 3158 566 3206 namque
673 3141 782 3190 unitate
795 3156 841 3190 ont.
855 3140 879 3189 d.
904 3136 916 3206 ll
939 3141 974 3191 ab
987 3157 1041 3191 uno

74 3226 120 3260 cm.
141 3225 164 3260 c.
188 3205 200 3275 Η
224 3225 332 3275 semper
351 3208 412 3259 sola
431 3226 455 3259 a.
521 3212 551 3258 14
569 3210 600 3257 In
619 3208 793 3272 sesqualtera
811 3209 1040 3258 duornmiumor-

71 3278 131 3341 plne
149 3276 175 3325 d.
199 3274 211 3344 11
235 3278 411 3340 sesqualtero
431 3293 455 3327 a.
469 3273 480 3340 ll
493 3291 558 3327 vero
577 3292 623 3326 om.
644 3275 670 3327 d.
687 3271 698 3340 ΙΙ
716 3279 759 3325 est
776 3274 935 3324 differentia
953 3291 999 3325 om.
1015 3275 1040 3324 d.

73 3346 106 3396 15
131 3344 202 3394 ·IIII·
226 3361 249 3394 c.
355 3347 386 3394 17
404 3349 499 3394 tamen
522 3359 591 3395 corr.
614 3349 640 3392 in
662 3347 770 3391 tentum
795 3358 819 3391 a.
849 3339 860 3408 ll
890 3348 997 3393 crescet
1015 3343 1040 3391 d.

74 3414 106 3462 18
125 3425 298 3462 numerorum
316 3412 342 3461 d.
372 3439 374 3443 ν
396 3415 428 3462 19
447 3412 463 3461 d
481 3428 528 3463 om.
542 3411 571 3460 ·I·
591 3417 616 3460 et
634 3412 707 3460 addit
725 3410 858 3461 XXXVI·
907 3413 940 3460 20
959 3408 976 3458 d
993 3425 1039 3475 om.

74 3479 103 3528 ·1·
123 3485 148 3528 et
165 3481 240 3529 addit
258 3479 312 3529 ·VI·
381 3482 414 3529 22
433 3478 463 3528 Si
480 3494 546 3529 vero
566 3494 591 3540 a,
611 3479 637 3540 d,
657 3478 675 3526 l.
