2392 3922
145 129 164 192 8
456 129 549 181 msa.
566 128 719 180 amusan.
737 129 764 193 1,
784 131 808 183 1.

146 312 203 370 tur,
221 299 437 378 conprehensio
452 301 590 360 veritatis.
615 299 688 360 Esse
703 307 801 359 autem
817 297 865 359 illa
882 299 1019 369 dicimus,
1037 318 1117 378 quae

147 402 201 446 neo
217 386 379 445 intentione
391 392 528 444 crescunt
541 402 595 444 nec
610 385 789 444 retractione
802 384 975 444 minuuntur
990 402 1046 445 neo
1062 403 1112 444 va·

146 469 320 529 mationibus
341 476 563 546 permutantur,
590 469 691 529 sedin
713 469 832 546 propria
854 485 973 546 semper
994 470 1021 527 vi
1043 486 1116 529 suae

146 573 177 613 se
199 564 323 614 naturae
344 553 482 613 subsidiis
504 553 571 612 nixa
594 553 772 613 custodiunt.
823 553 904 613 Haeo
925 560 1023 613 autern
1045 563 1118 614 sunt

120 637 315 716 squalitates,
338 641 529 714 quantitates,
552 637 680 704 formae,
698 637 931 715 magnitudines
948 640 1115 715 parvitates

146 721 351 802 aequalitates,
374 721 575 791 habitudines,
591 730 689 790 actus,
706 723 927 801 dispositiones,
943 720 1023 791 loca,
1040 733 1115 782 tem-

146 825 218 886 pora
234 816 263 868 et
278 806 414 887 quioquid
432 806 590 866 adunatum
608 806 826 884 quodammodo
842 806 1017 885 corporibus
1033 808 1113 866 inve·

146 893 239 962 nitur,
262 909 337 970 quae
360 892 421 967 ipsa
438 891 556 969 quidem
576 900 679 951 natura
695 893 871 968 incorporea
887 898 957 950 sunt
973 897 1002 950 et
1016 892 1115 951 inmu-

145 976 225 1036 tabili
241 975 420 1036 substantiae
435 977 550 1036 ratione
565 976 705 1052 vigentia,
721 975 947 1054 participatione
961 993 1030 1034 vero
1046 993 1113 1036 cor·

106 1080 131 1118 ro
146 1062 225 1139 poris
254 1067 461 1138 permutantur
491 1069 521 1121 et
544 1068 623 1120 tactu
650 1058 798 1120 variabilis
824 1062 870 1119 rei
896 1059 1114 1120 invertibilem

144 1146 372 1205 inconstantiam
387 1152 550 1205 transcunt.
590 1144 670 1204 llaec
684 1145 774 1222 igitur
790 1139 938 1222 quoniam,
955 1151 988 1204 ut
1003 1143 1112 1205 dictum

145 1239 203 1298 est,
224 1238 330 1289 natura
352 1227 558 1289 inmutabilem
573 1228 765 1290 substantiam
782 1229 898 1308 vimque
913 1231 1017 1288 sortita
1033 1239 1110 1300 sunt,

144 1332 213 1373 vere
240 1314 421 1392 proprieque
448 1331 512 1374 esse
538 1313 687 1374 dicuntur.
737 1313 851 1373 Horum
874 1313 978 1390 igitur,
1005 1314 1035 1372 id
1058 1323 1113 1383 est,

145 1415 220 1475 quae
242 1405 311 1458 sunt
332 1399 453 1477 proprie
478 1416 612 1476 quaeque
638 1416 691 1458 suo
713 1399 834 1458 nomine
854 1399 997 1458 essentiae
1017 1399 1112 1456 nomi·

106 1500 130 1537 15
146 1491 269 1550 nentur,
292 1483 444 1543 scientiam
465 1484 609 1560 sapientia
626 1482 791 1561 profitetur.
841 1482 993 1542 Essentiae
1014 1489 1112 1542 autem

144 1568 280 1644 geminae
295 1573 396 1645 partes
410 1574 493 1636 sunt,
517 1584 573 1627 una
590 1569 729 1628 continua
746 1575 775 1626 el
789 1567 849 1626 suis
864 1566 997 1644 partibus
1012 1568 1112 1626 iuncta

145 1670 198 1711 nec
225 1651 293 1712 ullis
313 1651 420 1712 finibus
440 1650 612 1720 distributa,
638 1659 670 1711 ut
692 1660 737 1712 est
756 1649 847 1712 a‘rbor
868 1650 942 1730 lapis
964 1659 992 1711 et
1013 1652 1112 1711 omnia

145 1735 244 1795 mundi
266 1736 353 1796 buius
376 1753 517 1815 corpora,
540 1754 615 1814 quae
634 1737 757 1815 proprie
778 1736 994 1813 magnitudines
1011 1734 1112 1813 appel·

144 1819 251 1882 lantur.
296 1819 358 1880 illia
382 1838 451 1880 vero
475 1817 619 1880 disiuncta
640 1840 655 1881 a
674 1838 705 1880 se
722 1830 750 1880 et
766 1819 957 1880 determinata
978 1818 1114 1898 partibus

104 1921 129 1959 vo
144 1914 172 1964 et
193 1905 276 1983 quasi
296 1905 453 1965 acervatim
474 1905 504 1963 in
525 1922 616 1965 unum
644 1905 765 1965 redacta
786 1902 958 1972 concilium,
987 1911 1019 1964 nt
1038 1922 1112 1982 grex

143 1988 269 2068 populus
305 1989 414 2049 oborus
450 2007 573 2050 acervus
607 1997 635 2050 et
667 1988 821 2067 quicquid,
858 2006 984 2067 quorum
1011 1996 1114 2067 partes

142 2076 271 2153 propriis
301 2072 534 2135 extremitatibus
562 2075 758 2134 terminantur
788 2080 817 2133 et
843 2072 880 2133 ab
904 2070 1025 2133 alterius
1053 2074 1113 2137 fine

142 2159 287 2219 discretae
303 2165 380 2219 sunt.
410 2158 464 2218 His
480 2160 635 2237 proprium
651 2175 760 2217 nomen
778 2166 821 2217 est
837 2157 1003 2219 multitudo.
1033 2156 1112 2217 Rur-

142 2260 191 2302 sus
213 2241 407 2302 multitudinis
428 2241 483 2301 alla
499 2249 568 2301 sunt
583 2258 637 2319 per
657 2259 704 2311 se,
728 2251 759 2302 ut
774 2249 834 2303 tres
849 2241 895 2302 vel
910 2249 1050 2320 quattuor
1066 2239 1111 2302 vel

103 2343 128 2380 25
141 2333 313 2404 tetragonus
334 2324 380 2386 vel
401 2323 525 2402 quilibet
544 2343 700 2396 numerus,
723 2325 772 2405 qui
793 2331 825 2385 ut
840 2326 878 2387 sit
892 2324 973 2385 nullo
987 2325 1110 2404 indiget.

141 2409 204 2470 Alia
220 2427 291 2470 vero
307 2427 362 2488 per
377 2427 408 2469 se
424 2411 486 2490 ipsa
503 2427 562 2469 non
579 2416 729 2481 constant,
751 2410 802 2472 sed
822 2411 858 2470 ad
872 2409 1014 2489 quiddam
1031 2409 1110 2470 aliud

141 2494 327 2561 referuntur,
344 2501 376 2554 ut
391 2491 525 2573 duplum,
549 2501 581 2554 ut
596 2493 764 2566 dimidium,
788 2501 819 2555 ut
835 2492 1049 2575 sesqualterum
1066 2494 1112 2554 vol

141 2580 360 2658 sesquitertium
383 2586 412 2639 et
426 2579 565 2658 quicquid
588 2577 643 2639 tale
660 2587 719 2651 est,
742 2580 836 2657 quod,
860 2580 915 2640 nisi
931 2577 1058 2640 relatum
1074 2580 1112 2638 sit
1169 2634 1171 2638 .

141 2665 176 2723 ad
200 2663 294 2734 aliud,
316 2662 412 2741 ipsum
434 2682 499 2724 esse
520 2681 580 2724 non
599 2664 701 2742 possit.
746 2664 953 2742 Magnitudinis
969 2681 1039 2725 vero
1055 2663 1111 2724 alia

103 2764 128 2801 oo
142 2757 211 2807 sunt
233 2748 380 2808 manentia
402 2756 543 2828 motuque
565 2749 710 2817 carentia,
735 2747 791 2808 alia
808 2767 891 2819 vero,
917 2765 992 2826 quae
1008 2747 1112 2808 mobili

141 2850 259 2911 semper
279 2835 425 2894 rotatione
447 2840 600 2892 vertuntur
621 2850 677 2893 nec
698 2832 764 2893 ullis
784 2832 968 2910 temporibus
990 2833 1110 2910 adquie-

209 2986 225 3034 3
244 2997 274 3034 se
292 2985 321 3033 vi
338 2998 405 3034 suae
425 2999 449 3033 a.
502 2985 518 3033 8
537 2983 710 3034 inmutabilis
728 2985 758 3046 d,
773 2985 795 3047 l;
815 2999 827 3034 s
846 2999 881 3034 eoe
898 3001 968 3035 corr.
1022 2986 1053 3034 lo
1071 2985 1112 3033 in-

140 3051 299 3101 vestibilem
312 3068 337 3100 a.
393 3053 423 3100 12
442 3053 596 3102 sortiuntur
615 3050 706 3116 (cupra
723 3068 834 3102 neroum.-
852 3051 977 3103 lsortita
996 3050 1070 3114 sunt)
1089 3066 1111 3102 s.

141 3120 173 3168 15
194 3134 275 3182 sopra
293 3119 452 3170 scientiam:
481 3134 588 3184 quoque
612 3137 637 3170 a.
718 3122 748 3170 17
772 3120 854 3170 arbos
877 3119 903 3171 b.
976 3122 1007 3169 18
1030 3120 1111 3168 huius

140 3187 234 3235 mundi
255 3187 277 3236 f.
345 3189 379 3237 20
397 3188 583 3237 coacervatim
606 3188 630 3251 f,
654 3202 681 3249 ες
709 3188 863 3239 acervatim
884 3189 985 3252 syllaba
1007 3202 1040 3237 co
1065 3189 1112 3237 ad·

139 3257 239 3318 scripta
257 3269 282 3303 a.
335 3256 367 3304 21
385 3269 466 3318 supra
484 3255 629 3319 quicquid:
649 3260 692 3306 est
711 3271 803 3307 eorum
822 3270 854 3318 a,
875 3260 918 3306 eet
935 3255 1032 3305 borum
1044 3255 1071 3317 b,
1086 3255 1112 3304 d.

140 3324 172 3373 ‘23
192 3320 315 3371 discreta
333 3337 358 3371 c.
415 3323 447 3372 27
462 3331 524 3386 post
543 3322 698 3373 dimidium:
717 3322 763 3374 vel
781 3323 801 3372 f,
862 3326 893 3373 31
914 3325 1021 3374 ratione
1040 3339 1066 3385 a,
1087 3338 1110 3384 c,

140 3391 160 3453 f,
175 3405 196 3440 s.
223 3405 304 3452 cupro
321 3389 442 3439 ratione:
461 3391 512 3440 alii
529 3391 669 3441 rotatione
687 3393 713 3454 b,
729 3407 742 3439 r
758 3387 769 3457 ll
785 3394 929 3442 vertantur
948 3390 974 3454 d,
987 3407 1009 3440 r.
1064 3390 1111 3440 ad-

141 3459 285 3523 quiescant
302 3457 333 3522 d,
351 3472 373 3506 r.
