<?xml version="1.0" encoding="UTF-8"?>
<!DOCTYPE html PUBLIC "-//W3C//DTD XHTML 1.0 Transitional//EN"
    "http://www.w3.org/TR/xhtml1/DTD/xhtml1-transitional.dtd">
<html xmlns="http://www.w3.org/1999/xhtml" xml:lang="en" lang="en">
 <head>
  <title>
</title>
<meta http-equiv="Content-Type" content="text/html;charset=utf-8" />
  <meta name='ocr-system' content='tesseract 3.04.00' />
  <meta name='ocr-capabilities' content='ocr_page ocr_carea ocr_par ocr_line ocrx_word'/>
</head>
<body>
  <div class='ocr_page' id='page_1' title='image "aniciimanliitor00friegoog_0096.png"; bbox 0 0 2392 3922; ppageno 0'>
   <div class='ocr_carea' id='block_1_1' title="bbox 145 157 813 222">
    <p class='ocr_par' dir='ltr' id='par_1_1' title="bbox 145 157 813 222">
     <span class='ocr_line' id='line_1_1' title="bbox 145 157 813 222; baseline 0 -11"><span class='ocrx_word' id='word_1_1' title='bbox 145 157 187 222; x_wconf 80' lang='grc'>82</span> <span class='ocrx_word' id='word_1_2' title='bbox 444 159 536 210; x_wconf 84' lang='lat' dir='ltr'><strong>INST.</strong></span> <span class='ocrx_word' id='word_1_3' title='bbox 554 158 708 209; x_wconf 82' lang='lat' dir='ltr'><strong>ARITHM.</strong></span> <span class='ocrx_word' id='word_1_4' title='bbox 727 160 770 221; x_wconf 91' lang='lat'>11,</span> <span class='ocrx_word' id='word_1_5' title='bbox 789 161 813 213; x_wconf 81' lang='lat'>2.</span> 
     </span>
    </p>
   </div>
   <div class='ocr_carea' id='block_1_2' title="bbox 104 327 1123 2097">
    <p class='ocr_par' dir='ltr' id='par_1_2' title="bbox 104 327 1123 2097">
     <span class='ocr_line' id='line_1_2' title="bbox 146 327 1123 407; baseline 0.004 -19"><span class='ocrx_word' id='word_1_6' title='bbox 146 329 276 407; x_wconf 89' lang='lat' dir='ltr'>quitertii</span> <span class='ocrx_word' id='word_1_7' title='bbox 297 336 503 405; x_wconf 80' lang='lat' dir='ltr'>procreantur.</span> <span class='ocrx_word' id='word_1_8' title='bbox 541 327 613 388; x_wconf 89' lang='lat' dir='ltr'>Nam</span> <span class='ocrx_word' id='word_1_9' title='bbox 636 329 775 407; x_wconf 86' lang='lat' dir='ltr'>qnoniam</span> <span class='ocrx_word' id='word_1_10' title='bbox 797 328 911 406; x_wconf 90' lang='lat' dir='ltr'>primus</span> <span class='ocrx_word' id='word_1_11' title='bbox 935 327 1044 407; x_wconf 81' lang='lat' dir='ltr'>triplex</span> <span class='ocrx_word' id='word_1_12' title='bbox 1072 339 1123 392; x_wconf 87' lang='lat' dir='ltr'>est</span> 
     </span>
     <span class='ocr_line' id='line_1_3' title="bbox 146 412 1119 491; baseline 0.003 -18"><span class='ocrx_word' id='word_1_13' title='bbox 146 416 294 474; x_wconf 88' lang='lat' dir='ltr'>ternarius</span> <span class='ocrx_word' id='word_1_14' title='bbox 308 431 460 482; x_wconf 88' lang='lat' dir='ltr'>numerus,</span> <span class='ocrx_word' id='word_1_15' title='bbox 479 412 567 472; x_wconf 87' lang='lat' dir='ltr'>babet</span> <span class='ocrx_word' id='word_1_16' title='bbox 579 430 670 472; x_wconf 86' lang='lat' dir='ltr'>unurn</span> <span class='ocrx_word' id='word_1_17' title='bbox 683 413 911 491; x_wconf 89' lang='lat' dir='ltr'>sesquitertium,</span> <span class='ocrx_word' id='word_1_18' title='bbox 928 413 957 472; x_wconf 93' lang='lat' dir='ltr'>id</span> <span class='ocrx_word' id='word_1_19' title='bbox 971 422 1016 474; x_wconf 89' lang='lat' dir='ltr'>est</span> <span class='ocrx_word' id='word_1_20' title='bbox 1029 415 1119 486; x_wconf 77' lang='lat' dir='ltr'>·llll·,</span> 
     </span>
     <span class='ocr_line' id='line_1_4' title="bbox 145 497 1120 576; baseline 0.002 -17"><span class='ocrx_word' id='word_1_21' title='bbox 145 500 228 559; x_wconf 88' lang='lat' dir='ltr'>cuins</span> <span class='ocrx_word' id='word_1_22' title='bbox 251 499 431 576; x_wconf 82' lang='lat' dir='ltr'>quaternarii</span> <span class='ocrx_word' id='word_1_23' title='bbox 453 499 539 557; x_wconf 88' lang='lat' dir='ltr'>tertia</span> <span class='ocrx_word' id='word_1_24' title='bbox 562 515 632 576; x_wconf 89' lang='lat' dir='ltr'>pars</span> <span class='ocrx_word' id='word_1_25' title='bbox 654 514 713 556; x_wconf 93' lang='lat' dir='ltr'>non</span> <span class='ocrx_word' id='word_1_26' title='bbox 734 503 832 574; x_wconf 91' lang='lat' dir='ltr'>potest</span> <span class='ocrx_word' id='word_1_27' title='bbox 852 497 985 557; x_wconf 85' lang='lat' dir='ltr'>inveniri.</span> <span class='ocrx_word' id='word_1_28' title='bbox 1017 499 1120 576; x_wconf 78' lang='lat' dir='ltr'>Atque</span> 
     </span>
     <span class='ocr_line' id='line_1_5' title="bbox 144 581 1116 661; baseline 0.002 -19"><span class='ocrx_word' id='word_1_29' title='bbox 144 584 211 643; x_wconf 92' lang='lat' dir='ltr'>ideo</span> <span class='ocrx_word' id='word_1_30' title='bbox 233 583 280 643; x_wconf 89' lang='lat' dir='ltr'>hic</span> <span class='ocrx_word' id='word_1_31' title='bbox 306 584 424 661; x_wconf 88' lang='lat' dir='ltr'>epitrito</span> <span class='ocrx_word' id='word_1_32' title='bbox 452 589 542 642; x_wconf 87' lang='lat' dir='ltr'>caret.</span> <span class='ocrx_word' id='word_1_33' title='bbox 578 581 732 642; x_wconf 85' lang='lat' dir='ltr'>Secundus</span> <span class='ocrx_word' id='word_1_34' title='bbox 751 599 836 650; x_wconf 86' lang='lat' dir='ltr'>vero,</span> <span class='ocrx_word' id='word_1_35' title='bbox 865 583 915 658; x_wconf 91' lang='lat' dir='ltr'>qui</span> <span class='ocrx_word' id='word_1_36' title='bbox 937 591 982 642; x_wconf 87' lang='lat' dir='ltr'>est</span> <span class='ocrx_word' id='word_1_37' title='bbox 1004 583 1116 656; x_wconf 89' lang='lat' dir='ltr'>·Vllll·,</span> 
     </span>
     <span class='ocr_line' id='line_1_6' title="bbox 118 667 1120 744; baseline 0 -16"><span class='ocrx_word' id='word_1_38' title='bbox 118 667 233 729; x_wconf 78' lang='lat' dir='ltr'>5habet</span> <span class='ocrx_word' id='word_1_39' title='bbox 256 668 290 727; x_wconf 92' lang='lat' dir='ltr'>ad</span> <span class='ocrx_word' id='word_1_40' title='bbox 313 685 345 727; x_wconf 87' lang='lat' dir='ltr'>se</span> <span class='ocrx_word' id='word_1_41' title='bbox 368 667 581 727; x_wconf 88' lang='lat' dir='ltr'>dnodenarium</span> <span class='ocrx_word' id='word_1_42' title='bbox 603 683 760 726; x_wconf 87' lang='lat' dir='ltr'>nnmerum</span> <span class='ocrx_word' id='word_1_43' title='bbox 782 667 1018 744; x_wconf 86' lang='lat' dir='ltr'>sesquitertium,</span> <span class='ocrx_word' id='word_1_44' title='bbox 1041 668 1120 729; x_wconf 81' lang='lat' dir='ltr'>duo·</span> 
     </span>
     <span class='ocr_line' id='line_1_7' title="bbox 145 748 1118 829; baseline 0 -17"><span class='ocrx_word' id='word_1_45' title='bbox 145 753 282 814; x_wconf 89' lang='lat' dir='ltr'>denarius</span> <span class='ocrx_word' id='word_1_46' title='bbox 304 760 418 821; x_wconf 89' lang='lat' dir='ltr'>autem,</span> <span class='ocrx_word' id='word_1_47' title='bbox 442 751 579 828; x_wconf 90' lang='lat' dir='ltr'>quoniam</span> <span class='ocrx_word' id='word_1_48' title='bbox 601 748 692 810; x_wconf 90' lang='lat' dir='ltr'>habet</span> <span class='ocrx_word' id='word_1_49' title='bbox 714 751 828 810; x_wconf 87' lang='lat' dir='ltr'>tertiam</span> <span class='ocrx_word' id='word_1_50' title='bbox 845 757 976 829; x_wconf 85' lang='lat' dir='ltr'>partem,</span> <span class='ocrx_word' id='word_1_51' title='bbox 1000 753 1030 810; x_wconf 94' lang='lat' dir='ltr'>in</span> <span class='ocrx_word' id='word_1_52' title='bbox 1053 771 1118 812; x_wconf 87' lang='lat' dir='ltr'>ses·</span> 
     </span>
     <span class='ocr_line' id='line_1_8' title="bbox 144 833 1115 918; baseline -0.001 -19"><span class='ocrx_word' id='word_1_53' title='bbox 144 839 284 918; x_wconf 81' lang='lat' dir='ltr'>quitantia</span> <span class='ocrx_word' id='word_1_54' title='bbox 305 837 499 915; x_wconf 85' lang='lat' dir='ltr'>proportione</span> <span class='ocrx_word' id='word_1_55' title='bbox 515 841 705 912; x_wconf 87' lang='lat' dir='ltr'>comparatur</span> <span class='ocrx_word' id='word_1_56' title='bbox 722 833 757 893; x_wconf 86' lang='lat' dir='ltr'>ad</span> <span class='ocrx_word' id='word_1_57' title='bbox 775 852 841 895; x_wconf 91' lang='lat' dir='ltr'>enm</span> <span class='ocrx_word' id='word_1_58' title='bbox 859 852 1001 896; x_wconf 89' lang='lat' dir='ltr'>numerus</span> <span class='ocrx_word' id='word_1_59' title='bbox 1019 835 1115 907; x_wconf 79' lang='lat' dir='ltr'>-xvt,</span> 
     </span>
     <span class='ocr_line' id='line_1_9' title="bbox 144 917 1114 1003; baseline -0.002 -19"><span class='ocrx_word' id='word_1_60' title='bbox 144 923 194 1003; x_wconf 94' lang='lat' dir='ltr'>qui</span> <span class='ocrx_word' id='word_1_61' title='bbox 223 923 329 983; x_wconf 89' lang='lat' dir='ltr'>tertiae</span> <span class='ocrx_word' id='word_1_62' title='bbox 360 921 451 998; x_wconf 90' lang='lat' dir='ltr'>partis</span> <span class='ocrx_word' id='word_1_63' title='bbox 480 921 610 978; x_wconf 77' lang='lat' dir='ltr'>sectione</span> <span class='ocrx_word' id='word_1_64' title='bbox 637 917 751 979; x_wconf 89' lang='lat' dir='ltr'>solutus</span> <span class='ocrx_word' id='word_1_65' title='bbox 781 925 832 978; x_wconf 90' lang='lat' dir='ltr'>est.</span> <span class='ocrx_word' id='word_1_66' title='bbox 863 919 985 980; x_wconf 85' lang='lat' dir='ltr'>-xxvn-</span> <span class='ocrx_word' id='word_1_67' title='bbox 1003 928 1114 989; x_wconf 87' lang='lat' dir='ltr'>autem,</span> 
     </span>
     <span class='ocr_line' id='line_1_10' title="bbox 145 1002 1117 1085; baseline -0.001 -18"><span class='ocrx_word' id='word_1_68' title='bbox 145 1009 283 1085; x_wconf 88' lang='lat' dir='ltr'>qnoniam</span> <span class='ocrx_word' id='word_1_69' title='bbox 308 1006 414 1065; x_wconf 88' lang='lat' dir='ltr'>tertius</span> <span class='ocrx_word' id='word_1_70' title='bbox 440 1009 484 1063; x_wconf 89' lang='lat' dir='ltr'>est</span> <span class='ocrx_word' id='word_1_71' title='bbox 508 1002 630 1079; x_wconf 85' lang='lat' dir='ltr'>triplex,</span> <span class='ocrx_word' id='word_1_72' title='bbox 662 1002 752 1063; x_wconf 87' lang='lat' dir='ltr'>habet</span> <span class='ocrx_word' id='word_1_73' title='bbox 778 1003 813 1064; x_wconf 96' lang='lat' dir='ltr'>ad</span> <span class='ocrx_word' id='word_1_74' title='bbox 835 1021 868 1062; x_wconf 90' lang='lat' dir='ltr'>se</span> <span class='ocrx_word' id='word_1_75' title='bbox 890 1004 1117 1080; x_wconf 87' lang='lat' dir='ltr'>sesquitertium</span> 
     </span>
     <span class='ocr_line' id='line_1_11' title="bbox 106 1086 1118 1167; baseline 0.004 -22"><span class='ocrx_word' id='word_1_76' title='bbox 106 1109 130 1149; x_wconf 92' lang='lat'>10</span> <span class='ocrx_word' id='word_1_77' title='bbox 146 1090 279 1152; x_wconf 69' lang='lat' dir='ltr'><strong>XXXVI·</strong></span> <span class='ocrx_word' id='word_1_78' title='bbox 306 1095 336 1147; x_wconf 85' lang='lat' dir='ltr'>et</span> <span class='ocrx_word' id='word_1_79' title='bbox 360 1088 410 1147; x_wconf 90' lang='lat' dir='ltr'>hio</span> <span class='ocrx_word' id='word_1_80' title='bbox 436 1104 540 1147; x_wconf 89' lang='lat' dir='ltr'>rursus</span> <span class='ocrx_word' id='word_1_81' title='bbox 566 1087 603 1146; x_wconf 90' lang='lat' dir='ltr'>ad</span> <span class='ocrx_word' id='word_1_82' title='bbox 627 1086 760 1147; x_wconf 88' lang='lat' dir='ltr'>·XLVlll·</span> <span class='ocrx_word' id='word_1_83' title='bbox 789 1088 892 1148; x_wconf 89' lang='lat' dir='ltr'>eadem</span> <span class='ocrx_word' id='word_1_84' title='bbox 918 1091 1118 1167; x_wconf 88' lang='lat' dir='ltr'>proportione</span> 
     </span>
     <span class='ocr_line' id='line_1_12' title="bbox 144 1171 1116 1251; baseline -0.002 -16"><span class='ocrx_word' id='word_1_85' title='bbox 144 1183 342 1251; x_wconf 85' lang='lat' dir='ltr'>comparatur.</span> <span class='ocrx_word' id='word_1_86' title='bbox 372 1172 424 1232; x_wconf 87' lang='lat' dir='ltr'>Cui</span> <span class='ocrx_word' id='word_1_87' title='bbox 440 1174 465 1232; x_wconf 91' lang='lat' dir='ltr'>si</span> <span class='ocrx_word' id='word_1_88' title='bbox 483 1171 605 1232; x_wconf 82' lang='lat' dir='ltr'>-bllllll-</span> <span class='ocrx_word' id='word_1_89' title='bbox 623 1173 748 1251; x_wconf 89' lang='lat' dir='ltr'>appositi</span> <span class='ocrx_word' id='word_1_90' title='bbox 764 1171 887 1240; x_wconf 86' lang='lat' dir='ltr'>inerint,</span> <span class='ocrx_word' id='word_1_91' title='bbox 905 1173 1029 1233; x_wconf 88' lang='lat' dir='ltr'>eandem</span> <span class='ocrx_word' id='word_1_92' title='bbox 1047 1192 1116 1234; x_wconf 86' lang='lat' dir='ltr'>rur·</span> 
     </span>
     <span class='ocr_line' id='line_1_13' title="bbox 144 1255 1116 1336; baseline 0.001 -18"><span class='ocrx_word' id='word_1_93' title='bbox 144 1276 193 1318; x_wconf 91' lang='lat' dir='ltr'>sus</span> <span class='ocrx_word' id='word_1_94' title='bbox 208 1258 265 1316; x_wconf 91' lang='lat' dir='ltr'>vim</span> <span class='ocrx_word' id='word_1_95' title='bbox 282 1257 481 1335; x_wconf 84' lang='lat' dir='ltr'>proportionis</span> <span class='ocrx_word' id='word_1_96' title='bbox 497 1255 672 1335; x_wconf 81' lang='lat' dir='ltr'>explebunt,</span> <span class='ocrx_word' id='word_1_97' title='bbox 696 1275 769 1336; x_wconf 92' lang='lat' dir='ltr'>quos</span> <span class='ocrx_word' id='word_1_98' title='bbox 792 1256 916 1317; x_wconf 88' lang='lat' dir='ltr'>·Lllllll·</span> <span class='ocrx_word' id='word_1_99' title='bbox 940 1256 976 1317; x_wconf 90' lang='lat' dir='ltr'>ad</span> <span class='ocrx_word' id='word_1_100' title='bbox 996 1257 1116 1318; x_wconf 88' lang='lat' dir='ltr'>nullum</span> 
     </span>
     <span class='ocr_line' id='line_1_14' title="bbox 144 1341 1117 1420; baseline 0 -18"><span class='ocrx_word' id='word_1_101' title='bbox 144 1343 363 1418; x_wconf 89' lang='lat' dir='ltr'>sesquitertium</span> <span class='ocrx_word' id='word_1_102' title='bbox 390 1358 495 1401; x_wconf 92' lang='lat' dir='ltr'>rursus</span> <span class='ocrx_word' id='word_1_103' title='bbox 518 1341 646 1419; x_wconf 89' lang='lat' dir='ltr'>aptabis,</span> <span class='ocrx_word' id='word_1_104' title='bbox 674 1343 815 1420; x_wconf 87' lang='lat' dir='ltr'>quoniam</span> <span class='ocrx_word' id='word_1_105' title='bbox 837 1350 921 1419; x_wconf 88' lang='lat' dir='ltr'>parte</span> <span class='ocrx_word' id='word_1_106' title='bbox 943 1342 1028 1402; x_wconf 87' lang='lat' dir='ltr'>tertia</span> <span class='ocrx_word' id='word_1_107' title='bbox 1052 1360 1117 1402; x_wconf 91' lang='lat' dir='ltr'>non</span> 
     </span>
     <span class='ocr_line' id='line_1_15' title="bbox 143 1425 1119 1504; baseline 0 -18"><span class='ocrx_word' id='word_1_108' title='bbox 143 1426 292 1486; x_wconf 71' lang='lat' dir='ltr'>tenentur,</span> <span class='ocrx_word' id='word_1_109' title='bbox 329 1428 425 1504; x_wconf 77' lang='lat' dir='ltr'>Atque</span> <span class='ocrx_word' id='word_1_110' title='bbox 447 1427 504 1486; x_wconf 92' lang='lat' dir='ltr'>boc</span> <span class='ocrx_word' id='word_1_111' title='bbox 526 1427 555 1485; x_wconf 93' lang='lat' dir='ltr'>in</span> <span class='ocrx_word' id='word_1_112' title='bbox 578 1426 690 1486; x_wconf 84' lang='lat' dir='ltr'>cunctis</span> <span class='ocrx_word' id='word_1_113' title='bbox 705 1425 872 1504; x_wconf 87' lang='lat' dir='ltr'>triplicibus</span> <span class='ocrx_word' id='word_1_114' title='bbox 893 1427 1059 1492; x_wconf 84' lang='lat' dir='ltr'>invenitur,</span> <span class='ocrx_word' id='word_1_115' title='bbox 1081 1435 1119 1487; x_wconf 85' lang='lat' dir='ltr'>nt</span> 
     </span>
     <span class='ocr_line' id='line_1_16' title="bbox 105 1511 1115 1590; baseline 0.006 -24"><span class='ocrx_word' id='word_1_116' title='bbox 105 1527 130 1567; x_wconf 82' lang='lat'>15</span> <span class='ocrx_word' id='word_1_117' title='bbox 145 1518 294 1571; x_wconf 84' lang='lat' dir='ltr'>extremus</span> <span class='ocrx_word' id='word_1_118' title='bbox 315 1511 446 1571; x_wconf 87' lang='lat' dir='ltr'>eiusdem</span> <span class='ocrx_word' id='word_1_119' title='bbox 476 1512 676 1590; x_wconf 87' lang='lat' dir='ltr'>proportionis</span> <span class='ocrx_word' id='word_1_120' title='bbox 703 1528 845 1570; x_wconf 86' lang='lat' dir='ltr'>numerus</span> <span class='ocrx_word' id='word_1_121' title='bbox 871 1517 969 1572; x_wconf 89' lang='lat' dir='ltr'>tantos</span> <span class='ocrx_word' id='word_1_122' title='bbox 991 1517 1060 1571; x_wconf 89' lang='lat' dir='ltr'>ante</span> <span class='ocrx_word' id='word_1_123' title='bbox 1080 1527 1115 1572; x_wconf 89' lang='lat' dir='ltr'>se</span> 
     </span>
     <span class='ocr_line' id='line_1_17' title="bbox 144 1594 1117 1674; baseline 0.002 -20"><span class='ocrx_word' id='word_1_124' title='bbox 144 1594 357 1673; x_wconf 88' lang='lat' dir='ltr'>praecedentes</span> <span class='ocrx_word' id='word_1_125' title='bbox 382 1595 504 1664; x_wconf 90' lang='lat' dir='ltr'>habeat,</span> <span class='ocrx_word' id='word_1_126' title='bbox 536 1603 646 1674; x_wconf 86' lang='lat' dir='ltr'>quanto</span> <span class='ocrx_word' id='word_1_127' title='bbox 672 1596 788 1673; x_wconf 85' lang='lat' dir='ltr'>primus</span> <span class='ocrx_word' id='word_1_128' title='bbox 815 1613 918 1655; x_wconf 90' lang='lat' dir='ltr'>eorum</span> <span class='ocrx_word' id='word_1_129' title='bbox 939 1595 975 1654; x_wconf 96' lang='lat' dir='ltr'>ab</span> <span class='ocrx_word' id='word_1_130' title='bbox 998 1597 1117 1656; x_wconf 84' lang='lat' dir='ltr'>unitate</span> 
     </span>
     <span class='ocr_line' id='line_1_18' title="bbox 144 1678 1116 1759; baseline 0.002 -21"><span class='ocrx_word' id='word_1_131' title='bbox 144 1679 311 1740; x_wconf 88' lang='lat' dir='ltr'>discesserit</span> <span class='ocrx_word' id='word_1_132' title='bbox 332 1689 361 1739; x_wconf 86' lang='lat' dir='ltr'>et</span> <span class='ocrx_word' id='word_1_133' title='bbox 381 1681 432 1759; x_wconf 92' lang='lat' dir='ltr'>qui</span> <span class='ocrx_word' id='word_1_134' title='bbox 447 1686 491 1739; x_wconf 92' lang='lat' dir='ltr'>tot</span> <span class='ocrx_word' id='word_1_135' title='bbox 512 1696 600 1756; x_wconf 88' lang='lat' dir='ltr'>super</span> <span class='ocrx_word' id='word_1_136' title='bbox 621 1697 653 1739; x_wconf 93' lang='lat' dir='ltr'>se</span> <span class='ocrx_word' id='word_1_137' title='bbox 676 1679 806 1739; x_wconf 87' lang='lat' dir='ltr'>eiusdem</span> <span class='ocrx_word' id='word_1_138' title='bbox 833 1680 1034 1759; x_wconf 88' lang='lat' dir='ltr'>proportionis</span> <span class='ocrx_word' id='word_1_139' title='bbox 1061 1678 1116 1740; x_wconf 91' lang='lat' dir='ltr'>ha·</span> 
     </span>
     <span class='ocr_line' id='line_1_19' title="bbox 144 1762 1114 1841; baseline 0.001 -18"><span class='ocrx_word' id='word_1_140' title='bbox 144 1764 242 1824; x_wconf 84' lang='lat' dir='ltr'>buerit</span> <span class='ocrx_word' id='word_1_141' title='bbox 263 1782 420 1833; x_wconf 89' lang='lat' dir='ltr'>numeros,</span> <span class='ocrx_word' id='word_1_142' title='bbox 445 1771 551 1841; x_wconf 92' lang='lat' dir='ltr'>quotus</span> <span class='ocrx_word' id='word_1_143' title='bbox 572 1762 609 1823; x_wconf 91' lang='lat' dir='ltr'>ab</span> <span class='ocrx_word' id='word_1_144' title='bbox 633 1763 744 1824; x_wconf 86' lang='lat' dir='ltr'>unitate</span> <span class='ocrx_word' id='word_1_145' title='bbox 765 1765 879 1840; x_wconf 90' lang='lat' dir='ltr'>primus</span> <span class='ocrx_word' id='word_1_146' title='bbox 900 1780 1004 1824; x_wconf 88' lang='lat' dir='ltr'>eorum</span> <span class='ocrx_word' id='word_1_147' title='bbox 1026 1763 1114 1824; x_wconf 85' lang='lat' dir='ltr'>iacet.</span> 
     </span>
     <span class='ocr_line' id='line_1_20' title="bbox 144 1847 1111 1927; baseline 0 -19"><span class='ocrx_word' id='word_1_148' title='bbox 144 1849 215 1910; x_wconf 90' lang='lat' dir='ltr'>Eius</span> <span class='ocrx_word' id='word_1_149' title='bbox 234 1866 319 1927; x_wconf 89' lang='lat' dir='ltr'>pars,</span> <span class='ocrx_word' id='word_1_150' title='bbox 351 1866 408 1927; x_wconf 91' lang='lat' dir='ltr'>qna</span> <span class='ocrx_word' id='word_1_151' title='bbox 435 1848 476 1909; x_wconf 94' lang='lat' dir='ltr'>illi</span> <span class='ocrx_word' id='word_1_152' title='bbox 498 1855 686 1926; x_wconf 88' lang='lat' dir='ltr'>comparatus</span> <span class='ocrx_word' id='word_1_153' title='bbox 708 1863 851 1908; x_wconf 88' lang='lat' dir='ltr'>numerus</span> <span class='ocrx_word' id='word_1_154' title='bbox 871 1850 964 1926; x_wconf 86' lang='lat' dir='ltr'>possit</span> <span class='ocrx_word' id='word_1_155' title='bbox 984 1847 1111 1908; x_wconf 84' lang='lat' dir='ltr'>eandem</span> 
     </span>
     <span class='ocr_line' id='line_1_21' title="bbox 104 1930 1113 2014; baseline 0.003 -26"><span class='ocrx_word' id='word_1_156' title='bbox 104 1951 129 1990; x_wconf 80' lang='lat'>20</span> <span class='ocrx_word' id='word_1_157' title='bbox 143 1933 242 1996; x_wconf 89' lang='lat' dir='ltr'>iacere</span> <span class='ocrx_word' id='word_1_158' title='bbox 261 1935 503 2014; x_wconf 87' lang='lat' dir='ltr'>proportionem,</span> <span class='ocrx_word' id='word_1_159' title='bbox 525 1933 650 1992; x_wconf 90' lang='lat' dir='ltr'>inveniri</span> <span class='ocrx_word' id='word_1_160' title='bbox 676 1941 811 2011; x_wconf 89' lang='lat' dir='ltr'>nequeat.</span> <span class='ocrx_word' id='word_1_161' title='bbox 841 1933 878 1994; x_wconf 84' lang='lat' dir='ltr'>lit</span> <span class='ocrx_word' id='word_1_162' title='bbox 898 1930 1024 2012; x_wconf 88' lang='lat' dir='ltr'>triplicis</span> <span class='ocrx_word' id='word_1_163' title='bbox 1043 1932 1113 2011; x_wconf 91' lang='lat' dir='ltr'>qui·</span> 
     </span>
     <span class='ocr_line' id='line_1_22' title="bbox 144 2019 551 2097; baseline -0.007 -18"><span class='ocrx_word' id='word_1_164' title='bbox 144 2020 210 2080; x_wconf 91' lang='lat' dir='ltr'>dem</span> <span class='ocrx_word' id='word_1_165' title='bbox 227 2020 302 2081; x_wconf 87' lang='lat' dir='ltr'>haec</span> <span class='ocrx_word' id='word_1_166' title='bbox 319 2027 363 2080; x_wconf 88' lang='lat' dir='ltr'>cst</span> <span class='ocrx_word' id='word_1_167' title='bbox 381 2019 551 2097; x_wconf 88' lang='lat' dir='ltr'>descriptio.</span> 
     </span>
    </p>
   </div>
   <div class='ocr_carea' id='block_1_3' title="bbox 163 2151 1099 2719">
    <p class='ocr_par' dir='ltr' id='par_1_3' title="bbox 163 2151 1099 2417">
     <span class='ocr_line' id='line_1_23' title="bbox 163 2151 1035 2216; baseline -0.002 -2"><span class='ocrx_word' id='word_1_168' title='bbox 163 2155 184 2214; x_wconf 92' lang='lat' dir='ltr'>l.</span> <span class='ocrx_word' id='word_1_169' title='bbox 251 2156 299 2216; x_wconf 90' lang='lat' dir='ltr'>lll.</span> <span class='ocrx_word' id='word_1_170' title='bbox 366 2155 452 2216; x_wconf 91' lang='lat' dir='ltr'>Vllll.</span> <span class='ocrx_word' id='word_1_171' title='bbox 518 2152 630 2213; x_wconf 85' lang='lat' dir='ltr'>XXVII.</span> <span class='ocrx_word' id='word_1_172' title='bbox 699 2151 823 2214; x_wconf 87' lang='lat' dir='ltr'>LXXXI.</span> <span class='ocrx_word' id='word_1_173' title='bbox 890 2153 1035 2214; x_wconf 82' lang='lat' dir='ltr'>CCXLlll.</span> 
     </span>
     <span class='ocr_line' id='line_1_24' title="bbox 246 2252 1081 2316; baseline -0.005 0"><span class='ocrx_word' id='word_1_174' title='bbox 246 2256 308 2316; x_wconf 93' lang='lat' dir='ltr'>llll.</span> <span class='ocrx_word' id='word_1_175' title='bbox 365 2254 427 2315; x_wconf 87' lang='lat' dir='ltr'>Xll.</span> <span class='ocrx_word' id='word_1_176' title='bbox 514 2253 639 2314; x_wconf 87' lang='lat' dir='ltr'>XXXVI.</span> <span class='ocrx_word' id='word_1_177' title='bbox 697 2253 792 2314; x_wconf 85' lang='lat' dir='ltr'>GVlll.</span> <span class='ocrx_word' id='word_1_178' title='bbox 891 2252 1081 2316; x_wconf 78' lang='lat' dir='ltr'>cccxxiiii.</span> 
     </span>
     <span class='ocr_line' id='line_1_25' title="bbox 365 2354 1099 2417; baseline 0 -3"><span class='ocrx_word' id='word_1_179' title='bbox 365 2354 437 2415; x_wconf 90' lang='lat' dir='ltr'>XVl.</span> <span class='ocrx_word' id='word_1_180' title='bbox 517 2354 641 2415; x_wconf 86' lang='lat' dir='ltr'>XLVlll.</span> <span class='ocrx_word' id='word_1_181' title='bbox 697 2354 831 2415; x_wconf 86' lang='lat' dir='ltr'>CXLllll.</span> <span class='ocrx_word' id='word_1_182' title='bbox 888 2354 1099 2417; x_wconf 82' lang='lat' dir='ltr'>CCCCXXllll.</span> 
     </span>
    </p>

    <p class='ocr_par' dir='ltr' id='par_1_4' title="bbox 517 2455 1036 2518">
     <span class='ocr_line' id='line_1_26' title="bbox 517 2455 1036 2518; baseline -0.002 -3"><span class='ocrx_word' id='word_1_183' title='bbox 517 2455 630 2516; x_wconf 90' lang='lat' dir='ltr'>LXllll.</span> <span class='ocrx_word' id='word_1_184' title='bbox 698 2455 806 2518; x_wconf 82' lang='lat' dir='ltr'><strong>CXCII.</strong></span> <span class='ocrx_word' id='word_1_185' title='bbox 887 2455 1036 2516; x_wconf 87' lang='lat' dir='ltr'>DLXXVl.</span> 
     </span>
    </p>

    <p class='ocr_par' dir='ltr' id='par_1_5' title="bbox 701 2557 1085 2619">
     <span class='ocr_line' id='line_1_27' title="bbox 701 2557 1085 2619; baseline -0.005 -1"><span class='ocrx_word' id='word_1_186' title='bbox 701 2557 816 2618; x_wconf 86' lang='lat' dir='ltr'>CCLVl.</span> <span class='ocrx_word' id='word_1_187' title='bbox 887 2557 1085 2619; x_wconf 86' lang='lat' dir='ltr'>DCCLXVlll.</span> 
     </span>
    </p>

    <p class='ocr_par' dir='ltr' id='par_1_6' title="bbox 885 2645 1022 2719">
     <span class='ocr_line' id='line_1_28' title="bbox 885 2645 1022 2719; baseline 0 0"><span class='ocrx_word' id='word_1_188' title='bbox 885 2645 1022 2719; x_wconf 74' lang='lat' dir='ltr'>TXXllll.</span> 
     </span>
    </p>
   </div>
   <div class='ocr_carea' id='block_1_4' title="bbox 104 2777 1113 3110">
    <p class='ocr_par' dir='ltr' id='par_1_7' title="bbox 206 2777 1112 2857">
     <span class='ocr_line' id='line_1_29' title="bbox 206 2777 1112 2857; baseline 0 -21"><span class='ocrx_word' id='word_1_189' title='bbox 206 2778 243 2837; x_wconf 89' lang='grc' dir='ltr'>Αι</span> <span class='ocrx_word' id='word_1_190' title='bbox 264 2777 421 2857; x_wconf 88' lang='lat' dir='ltr'>quadrupli</span> <span class='ocrx_word' id='word_1_191' title='bbox 441 2777 605 2838; x_wconf 89' lang='lat' dir='ltr'>secundum</span> <span class='ocrx_word' id='word_1_192' title='bbox 626 2778 703 2838; x_wconf 91' lang='lat' dir='ltr'>hanc</span> <span class='ocrx_word' id='word_1_193' title='bbox 723 2778 850 2838; x_wconf 86' lang='lat' dir='ltr'>formam</span> <span class='ocrx_word' id='word_1_194' title='bbox 875 2777 1036 2854; x_wconf 86' lang='lat' dir='ltr'>descriptio</span> <span class='ocrx_word' id='word_1_195' title='bbox 1059 2784 1112 2846; x_wconf 89' lang='lat' dir='ltr'>est,</span> 
     </span>
    </p>

    <p class='ocr_par' dir='ltr' id='par_1_8' title="bbox 144 2861 1111 2941">
     <span class='ocr_line' id='line_1_30' title="bbox 144 2861 1111 2941; baseline -0.002 -20"><span class='ocrx_word' id='word_1_196' title='bbox 144 2862 285 2938; x_wconf 88' lang='lat' dir='ltr'>adquam</span> <span class='ocrx_word' id='word_1_197' title='bbox 307 2861 433 2929; x_wconf 88' lang='lat' dir='ltr'>scilicet,</span> <span class='ocrx_word' id='word_1_198' title='bbox 462 2863 512 2941; x_wconf 92' lang='lat' dir='ltr'>qui</span> <span class='ocrx_word' id='word_1_199' title='bbox 539 2880 554 2921; x_wconf 93' lang='lat' dir='ltr'>a</span> <span class='ocrx_word' id='word_1_200' title='bbox 580 2862 732 2941; x_wconf 90' lang='lat' dir='ltr'>prioribus</span> <span class='ocrx_word' id='word_1_201' title='bbox 758 2863 920 2922; x_wconf 86' lang='lat' dir='ltr'>instructus</span> <span class='ocrx_word' id='word_1_202' title='bbox 942 2862 1111 2929; x_wconf 89' lang='lat' dir='ltr'>accesserit,</span> 
     </span>
    </p>

    <p class='ocr_par' dir='ltr' id='par_1_9' title="bbox 104 2943 1113 3110">
     <span class='ocr_line' id='line_1_31' title="bbox 104 2943 1113 3025; baseline 0.004 -24"><span class='ocrx_word' id='word_1_203' title='bbox 104 2945 222 3006; x_wconf 75' lang='lat' dir='ltr'>nonulla</span> <span class='ocrx_word' id='word_1_204' title='bbox 238 2947 352 3007; x_wconf 87' lang='lat' dir='ltr'>ratione</span> <span class='ocrx_word' id='word_1_205' title='bbox 368 2945 535 3025; x_wconf 89' lang='lat' dir='ltr'>trepidabit.</span> <span class='ocrx_word' id='word_1_206' title='bbox 571 2947 608 3007; x_wconf 87' lang='lat' dir='ltr'>Et</span> <span class='ocrx_word' id='word_1_207' title='bbox 624 2948 660 3007; x_wconf 92' lang='lat' dir='ltr'>de</span> <span class='ocrx_word' id='word_1_208' title='bbox 684 2948 790 3007; x_wconf 89' lang='lat' dir='ltr'>ceteris</span> <span class='ocrx_word' id='word_1_209' title='bbox 806 2947 925 3024; x_wconf 92' lang='lat' dir='ltr'>quidem</span> <span class='ocrx_word' id='word_1_210' title='bbox 941 2943 1113 3024; x_wconf 88' lang='lat' dir='ltr'>multiplici·</span> 
     </span>
     <span class='ocr_line' id='line_1_32' title="bbox 142 3030 787 3110; baseline 0 -20"><span class='ocrx_word' id='word_1_211' title='bbox 142 3031 198 3092; x_wconf 92' lang='lat' dir='ltr'>bus</span> <span class='ocrx_word' id='word_1_212' title='bbox 215 3031 338 3092; x_wconf 90' lang='lat' dir='ltr'>eandem</span> <span class='ocrx_word' id='word_1_213' title='bbox 355 3033 589 3092; x_wconf 85' lang='lat' dir='ltr'>convenientiam</span> <span class='ocrx_word' id='word_1_214' title='bbox 606 3030 787 3110; x_wconf 88' lang='lat' dir='ltr'>pernotabis.</span> 
     </span>
    </p>
   </div>
   <div class='ocr_carea' id='block_1_5' title="bbox 142 3215 1114 3551">
    <p class='ocr_par' dir='ltr' id='par_1_10' title="bbox 142 3215 1114 3551">
     <span class='ocr_line' id='line_1_33' title="bbox 210 3215 1113 3282; baseline -0.003 -17"><span class='ocrx_word' id='word_1_215' title='bbox 210 3219 374 3280; x_wconf 68' lang='lat' dir='ltr'>tquattnor</span> <span class='ocrx_word' id='word_1_216' title='bbox 393 3217 417 3266; x_wconf 90' lang='lat' dir='ltr'>d.</span> <span class='ocrx_word' id='word_1_217' title='bbox 472 3216 713 3282; x_wconf 82' lang='lat' dir='ltr'>9triple1estc.</span> <span class='ocrx_word' id='word_1_218' title='bbox 768 3218 799 3267; x_wconf 89' lang='lat'>10</span> <span class='ocrx_word' id='word_1_219' title='bbox 818 3215 852 3266; x_wconf 87' lang='lat' dir='ltr'>ad</span> <span class='ocrx_word' id='word_1_220' title='bbox 870 3232 916 3269; x_wconf 84' lang='lat' dir='ltr'>om.</span> <span class='ocrx_word' id='word_1_221' title='bbox 936 3230 960 3270; x_wconf 87' lang='lat' dir='ltr'>c.</span> <span class='ocrx_word' id='word_1_222' title='bbox 1015 3216 1113 3278; x_wconf 89' lang='lat' dir='ltr'>llop-</span> 
     </span>
     <span class='ocr_line' id='line_1_34' title="bbox 142 3279 1114 3350; baseline -0.003 -18"><span class='ocrx_word' id='word_1_223' title='bbox 142 3284 226 3348; x_wconf 89' lang='lat' dir='ltr'>positi</span> <span class='ocrx_word' id='word_1_224' title='bbox 244 3301 265 3335; x_wconf 88' lang='lat' dir='ltr'>r.</span> <span class='ocrx_word' id='word_1_225' title='bbox 324 3287 356 3335; x_wconf 84' lang='lat'>13</span> <span class='ocrx_word' id='word_1_226' title='bbox 374 3299 467 3337; x_wconf 86' lang='lat' dir='ltr'>rursus</span> <span class='ocrx_word' id='word_1_227' title='bbox 486 3301 533 3336; x_wconf 84' lang='lat' dir='ltr'>om.</span> <span class='ocrx_word' id='word_1_228' title='bbox 553 3301 577 3334; x_wconf 84' lang='lat' dir='ltr'>a.</span> <span class='ocrx_word' id='word_1_229' title='bbox 597 3299 617 3334; x_wconf 86' lang='lat' dir='ltr'>s.</span> <span class='ocrx_word' id='word_1_230' title='bbox 642 3279 654 3350; x_wconf 81' lang='grc' dir='ltr'>ῙΙ</span> <span class='ocrx_word' id='word_1_231' title='bbox 678 3285 763 3334; x_wconf 82' lang='lat' dir='ltr'>tertia</span> <span class='ocrx_word' id='word_1_232' title='bbox 783 3287 862 3348; x_wconf 87' lang='lat' dir='ltr'>parte</span> <span class='ocrx_word' id='word_1_233' title='bbox 882 3300 907 3334; x_wconf 85' lang='lat' dir='ltr'>c.</span> <span class='ocrx_word' id='word_1_234' title='bbox 967 3282 999 3331; x_wconf 83' lang='lat'>18</span> <span class='ocrx_word' id='word_1_235' title='bbox 1017 3281 1114 3330; x_wconf 78' lang='lat' dir='ltr'>iaceat</span> 
     </span>
     <span class='ocr_line' id='line_1_35' title="bbox 142 3350 1113 3418; baseline -0.003 -17"><span class='ocrx_word' id='word_1_236' title='bbox 142 3367 168 3406; x_wconf 87' lang='lat' dir='ltr'>n.</span> <span class='ocrx_word' id='word_1_237' title='bbox 223 3354 254 3401; x_wconf 89' lang='grc'>19</span> <span class='ocrx_word' id='word_1_238' title='bbox 277 3368 342 3417; x_wconf 86' lang='lat' dir='ltr'>pars</span> <span class='ocrx_word' id='word_1_239' title='bbox 362 3353 505 3418; x_wconf 84' lang='lat' dir='ltr'>eiusquia</span> <span class='ocrx_word' id='word_1_240' title='bbox 524 3369 546 3405; x_wconf 89' lang='lat' dir='ltr'>e.</span> <span class='ocrx_word' id='word_1_241' title='bbox 605 3351 803 3416; x_wconf 72' lang='lat' dir='ltr'>ioneqnitd,</span> <span class='ocrx_word' id='word_1_242' title='bbox 823 3351 848 3415; x_wconf 88' lang='lat' dir='ltr'>f,</span> <span class='ocrx_word' id='word_1_243' title='bbox 867 3367 895 3414; x_wconf 88' lang='lat' dir='ltr'>r,</span> <span class='ocrx_word' id='word_1_244' title='bbox 915 3365 936 3400; x_wconf 90' lang='lat' dir='ltr'>s.</span> <span class='ocrx_word' id='word_1_245' title='bbox 993 3350 1025 3400; x_wconf 83' lang='lat'>31</span> <span class='ocrx_word' id='word_1_246' title='bbox 1047 3363 1113 3398; x_wconf 87' lang='lat' dir='ltr'>ean-</span> 
     </span>
     <span class='ocr_line' id='line_1_36' title="bbox 142 3415 1113 3487; baseline -0.003 -18"><span class='ocrx_word' id='word_1_247' title='bbox 142 3420 203 3469; x_wconf 86' lang='lat' dir='ltr'>dem</span> <span class='ocrx_word' id='word_1_248' title='bbox 221 3436 275 3471; x_wconf 91' lang='lat' dir='ltr'>non</span> <span class='ocrx_word' id='word_1_249' title='bbox 294 3419 377 3470; x_wconf 86' lang='lat' dir='ltr'>aliam</span> <span class='ocrx_word' id='word_1_250' title='bbox 396 3421 428 3483; x_wconf 89' lang='lat' dir='ltr'>d,</span> <span class='ocrx_word' id='word_1_251' title='bbox 448 3422 466 3484; x_wconf 88' lang='lat' dir='ltr'>f,</span> <span class='ocrx_word' id='word_1_252' title='bbox 487 3435 509 3475; x_wconf 85' lang='lat' dir='ltr'>s.</span> <span class='ocrx_word' id='word_1_253' title='bbox 533 3415 545 3487; x_wconf 77' lang='lat' dir='ltr'>ll</span> <span class='ocrx_word' id='word_1_254' title='bbox 558 3419 735 3484; x_wconf 82' lang='lat' dir='ltr'>pernotabit,</span> <span class='ocrx_word' id='word_1_255' title='bbox 755 3423 767 3468; x_wconf 86' lang='lat' dir='ltr'>t</span> <span class='ocrx_word' id='word_1_256' title='bbox 785 3423 812 3469; x_wconf 80' lang='lat' dir='ltr'>to</span> <span class='ocrx_word' id='word_1_257' title='bbox 829 3421 919 3477; x_wconf 81' lang='lat' dir='ltr'>lituro,</span> <span class='ocrx_word' id='word_1_258' title='bbox 940 3416 962 3479; x_wconf 91' lang='lat' dir='ltr'>l;</span> <span class='ocrx_word' id='word_1_259' title='bbox 982 3422 1113 3481; x_wconf 80' lang='lat' dir='ltr'>pernota-</span> 
     </span>
     <span class='ocr_line' id='line_1_37' title="bbox 142 3487 432 3551; baseline 0 -13"><span class='ocrx_word' id='word_1_260' title='bbox 142 3487 184 3538; x_wconf 93' lang='lat' dir='ltr'>bit</span> <span class='ocrx_word' id='word_1_261' title='bbox 202 3489 254 3539; x_wconf 88' lang='lat' dir='ltr'>hoc</span> <span class='ocrx_word' id='word_1_262' title='bbox 272 3488 353 3538; x_wconf 91' lang='lat' dir='ltr'>modo</span> <span class='ocrx_word' id='word_1_263' title='bbox 373 3503 395 3551; x_wconf 86' lang='lat' dir='ltr'>r,</span> <span class='ocrx_word' id='word_1_264' title='bbox 412 3504 432 3538; x_wconf 89' lang='lat' dir='ltr'>s.</span> 
     </span>
    </p>
   </div>
   <div class='ocr_carea' id='block_1_6' title="bbox 0 0 1200 3922">
    <p class='ocr_par' dir='ltr' id='par_1_11' title="bbox 0 0 1200 3922">
     <span class='ocr_line' id='line_1_38' title="bbox 0 0 1200 3922; baseline 0 2"><span class='ocrx_word' id='word_1_265' title='bbox 0 0 1200 3922; x_wconf 95' lang='lat' dir='ltr'> </span> 
     </span>
    </p>
   </div>
  </div>
 </body>
</html>
