2392 3922
414 130 505 182 uvsr.
526 129 677 180 aeirem.
696 128 723 192 1,
743 131 766 179 1.
1057 126 1078 190 9

111 307 208 361 scunt.
253 299 364 360 Horum
382 316 453 376 ergo
469 298 548 358 illam
564 297 794 367 multitudinem,
816 316 890 376 quae
906 315 960 375 per
975 316 1006 358 se
1022 308 1075 368 est,

102 385 292 445 arithmetica
321 383 490 462 speculatur
519 383 686 458 integritas,
718 381 795 441 illam
823 399 905 452 vero,
938 400 1013 460 qnae
1039 383 1074 444 ad

107 468 233 548 aliquid,
261 469 366 528 musici
392 466 600 527 modulaminis
627 474 859 541 temperamenta
884 476 1074 545 pernoscunt,

105 552 258 614 inmobilis
283 571 353 613 vero
375 551 586 628 magnitudinis
613 552 774 628 geometria
800 552 932 610 notitiam
953 552 1074 629 pollice-

107 646 171 706 tur,
196 637 312 697 mobilis
333 654 404 697 vero
425 637 576 695 scientiam
597 635 812 694 astronomicae
832 634 1001 712 disciplinae
1024 650 1103 715 pe-s

107 724 175 782 ritia
190 723 335 782 vendicat.
381 719 495 790 Quibus
517 728 655 796 quattuor
677 718 813 797 partibus
828 721 852 778 si
868 730 967 779 careat
980 722 1076 798 inqui·

107 808 197 877 sitor,
213 824 316 866 verum
335 804 466 864 invenire
482 822 540 863 non
556 804 661 881 possit,
679 821 713 863 ao
728 804 793 863 sine
810 803 865 863 hac
881 802 1000 880 quidem
1011 821 1077 882 spe·

108 889 257 951 cellatione
279 889 408 948 veritatis
434 887 506 947 nulli
525 896 606 948 recte
632 887 806 965 sapiendum
828 894 881 946 est.
926 887 978 947 Est
999 889 1078 947 enim

109 975 254 1051 sapientia
280 989 379 1032 earum
401 990 515 1040 rerum,
539 990 614 1052 quae
635 990 703 1032 vere
724 979 807 1039 sunt,
831 972 962 1047 cognitio
984 980 1014 1032 et
1034 973 1077 1031 in·

110 1066 193 1135 tegra
219 1057 450 1135 comprehensio.
496 1054 580 1125 Quod
606 1057 679 1116 haec
699 1059 750 1135 qui
772 1059 886 1133 spernit
907 1056 935 1115 id
959 1064 1003 1116 est
1025 1056 1078 1118 has
1091 1070 1117 1108 10

107 1144 227 1202 semitas
256 1142 416 1219 sapientiae
446 1143 473 1201 ei
503 1140 646 1203 denuntio
671 1159 730 1201 non
757 1149 837 1202 recte
859 1158 923 1201 ease
944 1140 1077 1218 philoso-

107 1224 268 1303 phandum,
285 1226 430 1302 siquidem
447 1224 630 1304 philosophia
643 1233 688 1286 est
699 1244 782 1286 amor
795 1228 970 1302 sapientiae,
988 1244 1076 1304 quam

106 1313 137 1369 in
158 1310 203 1369 his
224 1311 400 1389 spernendis
427 1320 494 1370 ante
520 1312 742 1389 contempserit.
786 1309 860 1371 Illud
882 1329 1001 1390 quoque
1025 1309 1076 1371 ad·

107 1395 236 1455 dendum
263 1393 408 1462 arbitror,
440 1395 519 1474 quod
547 1402 652 1455 cuncta
679 1395 721 1454 vis
742 1392 935 1456 multitudinis
957 1394 994 1455 ab
1015 1413 1075 1456 uno

106 1496 262 1558 progressa
280 1480 408 1539 termino
424 1478 460 1538 ad
475 1479 587 1539 infinita
604 1480 820 1559 progressionis
832 1489 989 1556 augmenta
1003 1497 1073 1539 oon·
1088 1488 1113 1528 ¹⁵

106 1565 223 1623 crescit.
279 1563 451 1641 Magnitudo
481 1580 551 1624 vero
584 1582 600 1623 a
630 1565 710 1624 linita
740 1564 884 1624 inchoans
913 1565 1075 1643 quantitate

106 1648 227 1707 modum
248 1649 277 1707 in
299 1648 442 1709 divisione
469 1665 529 1708 non
550 1648 668 1727 recipit;
696 1649 908 1709 infinitissimas
929 1651 1008 1710 enim
1030 1649 1075 1708 sui

106 1735 242 1811 corporis
264 1735 386 1811 suscipit
405 1735 563 1794 sectiones.
607 1732 691 1793 Hanc
716 1734 806 1811 igitur
834 1741 957 1794 naturae
980 1733 1075 1792 inlini·

105 1824 197 1874 tatem
226 1817 543 1894 indeterminatamque
569 1818 731 1894 potentiam
756 1816 942 1896 philosophia
972 1825 1077 1895 sponte

108 1898 255 1976 repudiat.
304 1898 382 1958 Nihil
403 1901 496 1967 enim,
524 1901 603 1977 quod
627 1900 775 1960 inlinitum
802 1907 860 1967 est,
888 1900 933 1959 vel
955 1900 1116 1960 seientiam

107 1989 207 2061 potest
230 1981 328 2059 colligi
348 1981 394 2042 vel
416 1991 514 2043 mente
536 1982 763 2061 comprehendi.
791 1983 843 2042 sed
865 1982 934 2041 hine
955 1983 1079 2059 sumpsit

106 2067 164 2126 sibi
190 2069 252 2145 ipsa
280 2067 368 2134 ratio,
400 2068 430 2125 in
456 2066 565 2144 quibus
590 2068 683 2145 possit
708 2065 920 2144 indagatricem
950 2066 1079 2125 veritatis

108 2148 250 2212 exercere
277 2149 448 2211 sollertiam.
500 2151 613 2228 Delegit
639 2152 717 2211 enim
740 2151 776 2210 de
797 2151 926 2210 intinitae
946 2150 1078 2210 multitu·

107 2237 185 2295 dinis
200 2234 367 2315 pluralitate
383 2236 483 2296 linitae
499 2238 658 2296 terminum
674 2237 844 2315 quantitatis
860 2245 889 2296 et
904 2237 1077 2297 intermina·

106 2319 174 2381 bilis
194 2321 405 2397 magnitudinis
425 2323 555 2382 sectione
577 2323 688 2381 reiecta
704 2321 822 2381 delinita
844 2319 899 2381 sibi
920 2321 955 2382 ad
972 2321 1072 2398 cogni·
1088 2331 1114 2371 25

108 2406 217 2464 tionem
238 2407 331 2484 spatia
353 2405 533 2485 depoposcit.
579 2405 698 2466 Constat
718 2406 821 2483 igitur,
849 2407 981 2483 quisquis
1004 2406 1077 2466 haec

107 2491 349 2568 praetermiserit,
367 2508 486 2550 omnem
501 2489 703 2569 philosophiae
719 2490 884 2569 perdidisse
900 2490 1076 2552 doctrinam.

109 2574 172 2633 Hoc
186 2574 275 2651 igitur
291 2572 363 2634 illud
379 2575 574 2653 quadruvium
590 2582 643 2644 est,
660 2593 718 2654 quo
735 2575 780 2634 his
794 2574 931 2635 viandum
948 2577 994 2642 sit,
1012 2576 1076 2653 qui·

108 2657 164 2718 bus
185 2656 376 2718 excellentior
403 2660 520 2720 animus
545 2677 560 2719 a
582 2658 737 2720 nobiscum
757 2661 920 2738 procreatis
940 2659 1077 2721 sensibus

176 2843 322 2908 spostad
339 2844 459 2909 aliquid:
480 2847 563 2906 eatr,
583 2860 663 2910 stupra
682 2844 717 2894 ad
730 2844 849 2909 aliquid:
869 2850 912 2896 est
925 2845 949 2893 b.
979 2840 991 2909 ll
1020 2860 1076 2893 mu-

108 2913 184 2961 sicae
203 2911 398 2962 modulationis
416 2927 438 2961 s.
460 2909 472 2976 ll
492 2916 679 2977 praenoscunt
701 2927 732 2975 a,
752 2913 775 2971 f,
794 2928 818 2973 r,
839 2927 860 2964 s.
929 2913 945 2960 4
969 2927 1076 2974 geome-

107 2979 176 3043 trica
201 2995 230 3041 e,
251 2994 279 3041 c,
299 2979 329 3041 d,
349 2981 376 3042 f,
394 2994 416 3028 r.
488 2982 587 3030 bvero
605 2995 652 3030 om.
672 2995 703 3041 a,
723 2979 753 3041 d,
772 2981 796 3040 t,
816 2979 840 3041 l,
861 2996 882 3032 r.
952 2985 1077 3030 astrono-

107 3048 180 3096 miae
200 3061 224 3098 ε.
276 3049 292 3096 6
309 3047 436 3098 vindicat
452 3047 470 3109 l,
489 3048 662 3110 vendicavit,
681 3062 713 3112 a,
731 3048 763 3109 b,
784 3062 811 3108 e,
831 3049 861 3110 d,
880 3063 900 3096 r.
918 3042 930 3111 ΙΙ
950 3047 1032 3097 ·ΙΙΠ·
1052 3061 1075 3096 e.

108 3116 122 3164 7
141 3114 244 3178 poterit
265 3115 297 3177 b,
321 3131 345 3166 o.
382 3118 474 3180 potest
493 3114 514 3166 f.
549 3116 653 3179 poterit
675 3115 700 3166 si
722 3116 759 3165 sit
782 3116 849 3165 lineo
870 3115 1027 3164 subnotatam
1051 3120 1078 3163 et

107 3198 190 3246 ‚supra
207 3197 304 3232 versum
322 3184 411 3246 possit
427 3198 449 3231 r.
503 3185 519 3233 9
537 3197 620 3233 verae
639 3199 667 3244 c,
687 3183 718 3244 d,
737 3183 756 3234 l.
811 3185 840 3232 11
860 3183 1015 3232 sententias
1034 3195 1076 3231 aa·

107 3251 232 3314 pientiae
252 3265 276 3300 e.
347 3265 409 3300 esse
428 3265 475 3300 om.
496 3265 524 3312 e,
551 3249 581 3311 d,
607 3251 632 3313 f,
654 3249 677 3312 l,
700 3265 726 3313 r,
752 3264 772 3300 a.
843 3252 875 3300 18
894 3251 1016 3314 eorporis
1034 3249 1077 3297 sui

107 3318 207 3382 recipit
226 3318 245 3367 f.
272 3314 283 3383 ll
310 3316 476 3368 infinitatem
493 3321 612 3368 naturae
635 3317 666 3378 d,
684 3318 703 3366 l.
770 3318 803 3366 22
820 3319 893 3366 ratio
911 3318 973 3380 ipsa
992 3315 1011 3364 f.
1043 3328 1077 3363 ea

107 3387 169 3448 ipsa
191 3387 296 3435 ratios
322 3383 335 3452 ll
359 3390 455 3450 posset
481 3385 512 3445 d,
530 3385 556 3448 f,
574 3385 593 3435 l.
667 3387 700 3434 23
718 3383 828 3433 infinita
856 3399 884 3444 e,
907 3398 921 3431 r
943 3389 969 3431 tn
991 3384 1076 3430 lituro.

106 3451 214 3502 infinite
233 3454 252 3502 f.
322 3455 355 3503 at
372 3453 449 3503 finite
468 3453 486 3502 f.
559 3454 592 3502 ‘26
610 3451 736 3514 deposcit
754 3465 785 3513 a,
806 3465 835 3513 e,
854 3449 888 3512 d,
904 3464 935 3513 r,
952 3463 978 3503 e.
