2392 3922
359 158 453 210 rusr.
471 158 624 209 romeu.
643 159 684 223 11,
704 162 745 209 ea.
978 160 1037 223 111

28 358 30 363 ·
70 327 218 402 seqnitur,
240 336 362 388 vocatur
377 327 422 388 bis
438 335 535 395 curta,
553 327 630 405 quod
648 328 752 388 Graeci
769 325 971 408 deuolovpov
987 349 1038 408 ap-

68 409 188 489 pellant.
210 411 292 482 Quod
309 413 332 471 si
349 412 444 472 tribus
459 413 633 488 tetragonis,
652 421 695 471 ter
712 420 793 471 curta
810 411 935 482 dicetur,
951 432 1037 491 quam

69 495 175 555 Graeci
191 496 416 575 rptuolovpov
432 498 593 554 nominant.
637 495 672 554 m
688 504 876 573 quotcunque
891 500 1038 574 tetragoni

68 577 181 639 fuerint
203 581 314 647 miuus,
336 581 445 639 totiens
462 577 541 638 illam
558 579 741 656 pyramidem
758 588 870 639 curtam
888 598 952 640 esse
968 598 1037 657 pro·

67 665 215 741 ponimus.
254 664 316 723 Hoc
334 665 429 724 autem
447 681 506 721 uon
524 662 595 722 solis
610 681 625 721 a
642 669 796 739 tetragono
812 665 970 742 pyramidis
986 666 1035 726 sed
1051 678 1066 718 ὁ

66 747 95 805 iu
119 748 257 807 omnibus
279 747 314 807 ab
338 749 417 806 omni
440 745 631 824 multiangulo
653 747 912 824 progredientibus
932 766 1036 825 specu·

65 829 120 890 lari
136 830 214 891 licet.

65 1020 109 1076 De
133 1021 213 1092 cybio
234 1022 279 1075 vel
300 1021 447 1076 (asseribus
468 1023 512 1076 nel
531 1023 682 1076 latereulis
704 1023 749 1076 vel
769 1025 868 1077 cuneis
890 1025 935 1078 vel
950 1023 1035 1093 spbe·

270 1108 342 1159 ricta
363 1107 406 1160 nel
416 1106 678 1176 pornllelepipedir
693 1110 830 1160 numeris.

129 1235 214 1295 XXV.
258 1237 299 1295 Ac
316 1234 352 1294 de
368 1233 469 1295 solidis
485 1236 618 1313 quidem.
641 1251 717 1313 quae
732 1236 891 1314 pyramidis
907 1235 1031 1296 lormam
1046 1257 1074 1295 ιο

65 1318 215 1387 obtinent,
232 1318 393 1396 aequaliter
409 1319 610 1380 crescentibus
628 1327 657 1379 et
672 1338 687 1379 a
704 1321 823 1398 propria
840 1319 919 1381 velut
934 1321 1034 1380 radice

64 1402 256 1481 multiangulo
279 1404 372 1479 figura
393 1403 652 1483 progredientibus
674 1404 784 1464 dietum
808 1414 860 1465 est.
905 1405 958 1465 Est
978 1405 1033 1466 alia

64 1504 171 1548 rursus
192 1488 336 1566 quaedam
359 1505 519 1565 corporum
542 1487 705 1549 solidorum
723 1488 895 1548 ordinabilis
911 1507 1031 1567 compo·

64 1570 146 1640 sitio,
174 1589 276 1631 eorum
304 1573 353 1649 qui
376 1572 514 1632 dicuutur
536 1571 601 1652 cybi
624 1573 668 1632 vel
692 1590 807 1633 asseres
828 1571 873 1632 vel
897 1572 1032 1634 laterculi

63 1653 110 1714 vel
127 1657 212 1714 cunei
227 1655 272 1714 vel
292 1656 416 1733 spberae
432 1655 477 1716 vel
493 1655 755 1734 parallelepipeda,
773 1674 847 1734 quae
863 1664 940 1725 suut,
959 1674 1072 1732 quo-1⁵

63 1740 140 1800 tiens
166 1740 338 1817 superficies
364 1749 466 1800 contra
493 1758 525 1800 se
546 1750 627 1809 suut,
657 1750 685 1801 et
711 1742 815 1801 ductae
837 1742 866 1800 in
886 1742 1032 1801 inlinitum

64 1840 215 1901 nunquam
234 1834 422 1884 concurrent.
470 1825 623 1900 Dispositis
645 1826 721 1884 enim
744 1826 773 1883 in
790 1824 923 1883 ordinem
945 1832 1032 1884 tetra·

64 1910 149 1984 gonis
165 1907 185 1966 l.
203 1906 264 1967 llll.
284 1909 368 1969 Vllll.
386 1908 459 1968 XVl.
476 1908 577 1975 XXV.,
597 1910 735 1984 quoniam
752 1908 782 1966 bi
797 1906 889 1967 solam
906 1906 1032 1980 longitu-

63 1991 163 2052 dinem
185 1990 427 2071 latitudinemque
448 1993 542 2050 sortiti
565 1999 633 2050 suut
654 1999 682 2050 et
704 1990 854 2050 altitudine
871 1998 986 2057 carent,
1008 1992 1032 2048 si

63 2093 117 2153 per
138 2075 229 2136 latera
246 2075 337 2136 solam
355 2093 442 2136 uuam
459 2073 732 2152 multiplicationem
748 2074 906 2151 recipiant,
924 2091 1029 2150 aequa·
1045 2092 1070 2131 ao

61 2159 120 2225 lem
137 2160 303 2238 provehunt
324 2160 565 2238 prolunditatem.
611 2158 683 2219 Nam
705 2166 843 2237 quattuor
861 2164 1032 2234 tetragonus

63 2243 138 2304 duos
153 2244 243 2304 habet
258 2246 288 2303 in
304 2243 396 2304 latere
412 2253 442 2304 et
457 2252 540 2303 natus
557 2252 600 2303 est
616 2262 650 2303 ex
668 2242 712 2302 bis
729 2241 853 2303 duobus.
887 2243 937 2303 Bis
954 2244 1032 2302 enim

62 2328 121 2388 duo
144 2337 282 2405 quattuor
303 2329 422 2388 iaciunt.
469 2329 529 2388 Hos
553 2347 623 2406 ergo
647 2329 721 2388 duos
742 2347 777 2387 ex
793 2329 884 2405 ipsius
901 2326 992 2387 latere
1007 2329 1032 2386 si

62 2411 238 2491 multiplices
260 2411 437 2489 aequaliter,
460 2412 525 2490 cybi
548 2413 641 2472 lorma
664 2420 811 2473 uaseotur.
857 2413 930 2472 Nam
947 2412 971 2470 si
987 2410 1031 2472 bis

61 2495 147 2556 binos
163 2496 208 2557 bis
224 2496 328 2565 iacias,
352 2498 502 2556 octonaria
525 2499 671 2575 quantitas
693 2499 808 2558 erescit.
854 2496 890 2556 Et
912 2504 955 2557 est
969 2498 1029 2576 pri·
1044 2514 1070 2554 25

132 2666 357 2727 ivocabitu1·a,
377 2665 395 2717 f.
425 2660 437 2730 l]
468 2662 550 2730 quod]
571 2681 651 2729 quam
672 2682 699 2724 o,
719 2682 741 2715 s.
811 2666 922 2726 bQuod
943 2664 977 2730 si]
1002 2666 1031 2714 Si

59 2746 127 2782 vero
147 2747 167 2784 s,
197 2729 208 2797 Η
238 2733 339 2782 dicitur
356 2732 385 2794 d,
410 2739 525 2783 vocetur
544 2749 574 2794 a,
595 2748 616 2784 s.
685 2733 800 2784 ltoties
820 2749 841 2786 s.
871 2729 883 2798 l]
912 2734 1031 2798 pyrami-

59 2799 122 2848 dem
142 2814 173 2861 a,
193 2815 221 2859 ος
241 2800 394 2864 pyramidis
413 2815 433 2849 s.
504 2801 591 2850 bnon
610 2800 698 2850 solum
718 2816 746 2863 a,
768 2800 798 2863 d,
818 2801 842 2860 f,
862 2816 889 2862 r,
909 2816 934 2862 s;
963 2800 1030 2850 solis

60 2875 85 2916 et
108 2881 189 2930 cupra
212 2883 308 2918 ueroeam
330 2865 343 2917 l
365 2866 420 2916 lum
444 2867 468 2916 b.
504 2868 652 2930 Legendum
673 2869 773 2917 uidetur
794 2882 849 2917 non
872 2868 901 2916 in
924 2867 998 2921 solis,
1015 2866 1028 2932 ll

58 2934 236 2998 pyramidis.
317 2937 331 2985 i
355 2937 419 2984 Post
441 2935 509 2984 lloet
530 2937 603 2984 addit
625 2935 634 2984 l
653 2937 761 2998 primam
783 2937 911 2998 sequentis
936 2937 1030 2997 cupitis

57 3004 217 3053 sententiam.
286 3003 444 3066 SInsoript.
464 3013 510 3050 our.
530 3001 555 3050 d.
591 3002 625 3050 ln
648 3017 665 3051 a
688 3005 779 3066 legitur
802 3003 936 3065 inscriptio
959 3009 1029 3066 capi-

59 3071 93 3118 tio
115 3071 325 3120 vieesr'mi'ceccti.
355 3065 366 3136 ll
404 3067 449 3119 vel
469 3069 565 3118 cuneis
582 3085 628 3120 om.
648 3069 667 3117 f.
738 3068 867 3132 9figuris
885 3067 1030 3132 paralleli-

59 3135 139 3200 pedis
164 3137 181 3186 f.
259 3139 291 3186 10
315 3139 414 3189 XXVI.
435 3153 465 3196 a;
496 3136 614 3186 XXIIII.
638 3136 656 3184 l.
734 3138 764 3184 12
787 3135 1029 3200 progredientibus

57 3219 140 3266 supro
157 3219 255 3258 versum
274 3204 300 3258 d.
324 3202 335 3268 l!
358 3205 409 3253 Est
428 3220 463 3253 eat
480 3219 548 3253 corr.
568 3204 629 3253 add.
648 3218 669 3251 r.
740 3206 772 3253 14
790 3202 849 3268 qui]
870 3219 940 3268 quae
959 3219 1028 3258 corr.

57 3271 151 3333 inqui
172 3287 196 3320 a.
252 3273 284 3322 15
303 3286 401 3335 sperne
422 3287 447 3320 o.
470 3266 482 3336 ΙΙ
506 3269 737 3335 parallelepipedi
755 3272 782 3334 b,
802 3271 818 3328 l,
838 3287 859 3320 r.
914 3273 944 3320 17
965 3287 1029 3321 con-

58 3343 173 3387 currunt
196 3354 222 3388 a.
257 3335 268 3403 ll
308 3340 379 3388 enim
402 3355 483 3404 supra
505 3354 601 3388 nereum
624 3354 645 3391 r,
680 3334 691 3404 Η
729 3341 758 3387 in
780 3355 861 3403 supra
883 3354 980 3388 versum
1004 3354 1028 3388 a.

57 3407 89 3454 21
115 3405 186 3455 ·1111·
211 3406 240 3467 (ἲς
272 3407 368 3462 IIII-⁰r
392 3407 416 3470 l;
448 3405 643 3471 quaternarius
667 3421 693 3468 e,
718 3421 741 3456 s.
786 3402 798 3472 ll
844 3407 940 3455 ·IIII·or
967 3401 985 3455 ri
1008 3420 1029 3455 r.

57 3473 241 3533 23·1111·d;
273 3475 371 3524 ·111-c.
446 3477 479 3524 24
497 3475 521 3525 si
540 3490 586 3525 om.
607 3487 631 3522 o.
706 3476 739 3525 25
757 3474 893 3524 octonarii
912 3487 942 3535 a,
961 3487 987 3534 r,
1007 3487 1028 3521 s.
