2392 3922
414 147 506 198 INST.
525 146 679 200 ARITHM.
696 149 723 209 1,
742 149 766 197 6.
1042 147 1081 211 15

109 337 167 378 una
184 335 254 396 pars
269 317 359 378 luerit
374 317 523 376 divisionis
538 333 607 394 par,
631 315 684 375 alia
701 334 819 394 quoque
835 334 887 394 par
903 318 1078 396 inveniatur,

111 411 141 462 et
156 405 181 463 si
197 420 255 461 una
270 404 370 481 inpar,
394 400 510 477 reliqua
526 399 562 459 ab
586 401 649 460 eius
670 400 826 478 inparitate
847 419 906 461 non
922 402 1078 482 discrepet,

109 494 144 546 ut
159 490 190 547 in
207 486 309 547 eodem
328 503 467 553 numero,
486 486 538 561 qui
554 491 598 543 est
614 482 763 544 denarius.
790 484 861 544 Cum
878 486 955 546 enim
971 486 1080 547 divisus

108 580 153 632 est
168 573 198 630 in
214 572 336 650 quinoS,
360 570 406 630 vel
423 586 491 629 oum
512 568 543 626 in
565 577 628 627 tres
643 577 770 646 septem,
792 575 934 646 utraeque
953 572 984 631 in
999 579 1079 632 utra·

109 672 168 732 que
198 658 334 734 portione
362 661 463 734 partes
483 654 604 730 inpares
627 652 798 713 extiterunt.
829 651 861 712 Si
886 662 983 714 autem
1003 657 1105 733 ipses

106 740 154 801 vel
171 739 246 800 alius
267 756 411 799 numerus
432 753 502 815 par,
525 735 669 797 dividatur
688 739 719 796 in
741 736 894 815 aequales,
917 744 949 798 ut
963 746 1080 799 octona·

106 827 170 885 rius
184 826 216 884 in
235 824 308 884 ·llll·
327 829 357 882 et
373 820 461 889 ·llll·‚
479 828 508 880 et
518 822 586 880 item
599 839 653 898 per
664 821 847 901 inaequales,
864 828 897 882 ut
907 820 987 882 idem
999 831 1080 883 ooto-

107 909 211 969 narius
226 910 280 966 in·
274 907 316 965 ··V
330 913 359 965 et
373 904 441 974 ·l·,ll
458 907 488 964 iu
500 904 549 965 illa
562 905 681 984 quidem
692 906 836 966 divisione
851 912 997 983 utraeque
1012 924 1081 985 par·

110 1001 157 1051 tes
172 1009 261 1069 pares
277 990 369 1050 iactae
383 996 465 1059 sunt,
488 990 517 1048 in
534 990 589 1050 bac
605 998 748 1070 utraeque
769 993 889 1070 inpares
906 991 1081 1060 extiterunt;

111 1081 211 1152 neque
232 1093 360 1154 unquam
381 1074 445 1134 lieri
466 1081 577 1172 potest,
599 1081 646 1145 ut,
668 1092 737 1135 oum
758 1092 816 1136 una
837 1093 908 1152 pars
930 1074 1081 1136 divisionis
1095 1092 1119 1129 10

108 1159 282 1238 pariuerit,
305 1157 721 1238 aliainparinveniriqueat,
744 1167 808 1227 aut,
831 1178 897 1220 oum
919 1161 1082 1238 unainpar

108 1245 161 1313 sit,
179 1241 234 1304 alia
249 1261 306 1324 par
321 1244 413 1322 possit
427 1242 569 1320 intellegi.
601 1244 690 1320 lupar
708 1263 779 1305 vero
796 1262 938 1305 numerus
954 1252 1012 1314 est,
1031 1245 1081 1323 qui

106 1329 142 1388 sd
160 1327 323 1405 quamlibet
341 1326 421 1387 illam
439 1327 614 1388 divisionem
625 1346 680 1406 per
694 1329 859 1408 inaequalia
872 1346 992 1406 semper
1008 1329 1080 1389 divi-

108 1412 204 1481 ditur,
227 1420 260 1472 ut
283 1420 423 1491 utrasque
447 1412 562 1488 species
578 1415 696 1472 numeri
713 1431 832 1492 semper
848 1413 997 1481 ostendat,
1025 1431 1080 1473 neo

110 1514 242 1576 unquam
264 1496 355 1557 altera
377 1498 440 1555 sine
461 1496 553 1556 altera
569 1497 620 1566 sit,
642 1497 773 1558 seduna
797 1516 865 1576 pars
882 1498 1013 1575 paritati,
1035 1499 1079 1556 in·
1094 1513 1119 1552 15

106 1583 224 1660 paritati
236 1581 291 1641 alia
305 1581 472 1658 deputetur,
485 1588 527 1650 ut,
543 1579 612 1641 ·Vll·
626 1582 651 1641 si
663 1582 775 1642 dividas
787 1583 816 1641 in
826 1583 884 1643 ·lll·
893 1587 981 1659 atque
995 1581 1078 1651 ·1111·,

107 1666 199 1727 altera
216 1667 313 1744 portio
330 1682 384 1743 par
401 1663 492 1725 altera
508 1666 595 1743 inpar
611 1672 664 1726 est.
694 1666 732 1727 Et
753 1667 810 1728 boo
825 1667 904 1728 idem
920 1668 950 1727 in
966 1667 1081 1727 eunctis

106 1750 261 1828 inparibus
283 1751 414 1810 numeris
440 1751 603 1818 invenitur,
635 1767 732 1828 neque
759 1769 888 1830 unquam
915 1752 946 1810 in
967 1752 1081 1827 inparis

110 1835 255 1893 divisione
269 1841 390 1910 praeter
412 1851 443 1892 se
465 1851 530 1892 esse
553 1841 687 1910 possunt.
717 1835 778 1895 Hae
801 1837 935 1912 geminae
956 1835 1080 1910 species,

109 1934 187 1995 quae
203 1917 376 1975 naturaliter
393 1917 450 1974 vim
465 1918 583 1974 numeri
600 1916 853 1994 substantiamque
869 1925 1059 1992 componunt.
1095 1933 1120 1974 20

257 2141 395 2211 Definitio
408 2141 494 2210 poris
511 2146 538 2194 et
552 2141 668 2210 inpono
679 2153 736 2209 per
751 2141 933 2194 alterutrum.

173 2288 217 2347 Vl.
247 2286 331 2357 Quod
362 2287 387 2348 si
407 2287 481 2346 haeo
504 2287 592 2347 etiam
620 2303 674 2364 per
695 2284 852 2346 alterutras
873 2287 988 2366 species
1009 2287 1080 2348 deli-

107 2372 216 2432 nienda
238 2379 322 2441 sunt,
345 2370 459 2432 dicetur
482 2371 617 2449 inparem
633 2388 789 2431 numerum
807 2388 885 2440 esse,
903 2372 952 2450 qui
968 2374 1080 2433 unitate

110 2457 210 2517 dilievt
226 2474 242 2515 a
259 2457 323 2533 pari
338 2455 385 2515 vel
400 2463 553 2515 cremento
569 2455 614 2515 vel
631 2454 841 2516 deminutione.
865 2455 922 2515 Par
936 2456 1008 2518 item
1024 2474 1078 2517 nu-

108 2559 211 2601 merus
233 2550 291 2610 est,
314 2541 363 2616 qui
387 2541 499 2600 unitate
521 2539 621 2599 differt
635 2539 671 2599 ab
692 2541 789 2618 inpari
804 2539 850 2600 vel
865 2549 1018 2602 cremento
1033 2541 1079 2602 vel
1092 2565 1117 2604 ae

108 2626 320 2686 deminutione.
358 2623 389 2684 Si
417 2625 495 2684 enim
516 2626 581 2703 pavi
606 2641 697 2684 unum
717 2623 897 2703 dempseris
919 2625 965 2685 vel
985 2643 1079 2685 unum

108 2710 266 2779 adieceris,
289 2711 375 2786 inpar
391 2708 531 2778 eflicitur,
555 2709 600 2769 vel
624 2709 648 2769 si
669 2710 765 2788 inpari
785 2708 863 2770 idem
879 2707 1000 2779 leceris,
1024 2728 1078 2789 par

109 2795 251 2855 continuo
267 2801 452 2872 procreatur.

160 2999 173 3046 1
188 2997 273 3046 fuerit
285 3013 331 3047 om.
347 3012 371 3046 o.
407 2997 424 3044 4
436 2999 494 3045 tres
506 2993 550 3045 vel
562 2995 592 3043 in
605 2998 710 3060 septem
721 3011 747 3055 a,
761 2995 818 3045 ·III·
832 2998 860 3045 et
872 2997 940 3046 ·VII·
955 3013 980 3059 e,
991 2994 1009 3060 l,
1020 2999 1077 3046 tres

109 3069 137 3115 et
157 3064 224 3115 ·VII·
245 3064 264 3113 1.
306 3065 370 3114 det
381 3064 542 3114 octonarius
554 3064 575 3112 1.
610 3063 627 3112 8
662 3063 765 3126 uinque
784 3067 813 3112 et
824 3067 881 3112 tres
894 3063 919 3112 d.
965 3065 996 3111 11
1009 3066 1041 3112 ut
1053 3077 1077 3112 o.

107 3135 138 3182 14
157 3136 188 3181 ut
205 3134 317 3183 secunda
334 3148 422 3182 maures
439 3132 540 3182 addidit
557 3129 621 3179 ind
645 3078 662 3196 11
691 3129 855 3182 ostendito.
927 3132 959 3179 16
972 3135 1078 3194 septem

107 3196 217 3264 ‹tul-11·
232 3203 261 3250 st
280 3199 350 3249 1111·
365 3215 391 3262 a,
410 3215 438 3263 o,
458 3199 480 3262 1,
499 3203 557 3248 tres
577 3201 660 3263 atque
675 3197 847 3262 quattuord,
869 3198 926 3248 ··111
947 3202 1030 3260 atque
1049 3198 1078 3244 in

107 3268 223 3331 ··,IIIIr
244 3282 265 3317 s.
320 3269 352 3317 18
370 3267 492 3316 numeris
510 3266 597 3318 ommi
668 3268 699 3316 19
717 3266 796 3315 Hase
816 3280 841 3313 a
905 3267 937 3314 21
951 3265 1076 3327 Inscnpt

106 3351 152 3386 om.
172 3334 197 3386 d.
225 3332 238 3402 Η
267 3335 320 3384 ot
312 3336 417 3400 mparis
436 3351 482 3385 om.
502 3334 525 3385 1.
602 3335 636 3384 24
653 3332 863 3382 incrementol.
893 3328 905 3396 ΙΙ
933 3331 1003 3380 item
1027 3344 1077 3393 per

107 3418 135 3466 o,
156 3403 181 3465 1,
200 3418 226 3466 s,
246 3405 317 3453 Item
336 3418 387 3468 par
405 3404 550 3453 iterumve.
608 3402 641 3451 25
660 3400 707 3451 vel
725 3401 864 3449 cremento
882 3413 964 3462 stupro
979 3409 1077 3445 uersum

105 3485 141 3520 ex
160 3486 227 3520 corr.
247 3470 272 3519 d.
342 3472 375 3521 26
393 3469 525 3520 demseris
546 3484 575 3531 a,
594 3469 626 3529 b,
647 3483 668 3517 s.
