2392 3922
402 164 497 218 INST.
515 163 668 215 ARITHM.
687 165 713 226 1,
732 165 774 213 21.
1032 158 1075 224 45

106 335 285 415 multiplico,
311 335 413 396 eadem
434 333 506 394 mihi
527 333 625 393 unitas
645 339 829 411 procreatur,
876 330 974 392 Semel
995 333 1073 392 enim

107 423 139 482 ·l·
157 420 251 482 solam
266 419 353 481 elficit
368 421 527 486 unitatem,
555 433 630 494 quae
645 415 778 495 partibus
798 416 859 476 suis
879 414 1008 494 aequalis
1030 426 1074 476 est

105 507 236 587 potentia
256 503 365 573 solum,
388 504 498 565 ceteris
519 502 608 561 etiam
628 508 695 560 actu
718 509 804 578 atque
821 519 911 581 opere
924 505 1073 582 perlectis.

106 592 198 652 Recte
218 591 307 666 igitur
330 590 427 649 unitas
447 587 570 666 propria
592 586 696 644 virtute
718 585 850 664 perlecta
871 595 929 657 est,
951 589 1031 667 quod
1046 595 1076 650 et

106 676 203 755 prima
218 681 262 734 est
277 680 306 734 et
322 672 518 750 incomposita
534 676 562 729 et
576 687 631 748 per
646 687 677 729 se
694 671 786 748 ipsam
805 669 994 750 multiplicata
1010 691 1075 734 sese
1088 681 1101 721 ὃ

107 763 201 839 ipsam
217 764 382 819 conservat.
642 815 645 824 ¹

171 843 229 904 Sed
246 841 388 918 quoniam
405 839 441 900 de
457 855 491 898 ea
507 839 681 914 quantitate,
699 855 774 916 quae
789 856 845 918 per
861 856 893 899 se
906 840 947 909 lit,
966 839 1075 901 dietum

107 936 168 993 est,
186 927 286 1004 operis
301 925 483 1002 sequentiam
499 921 535 983 ad
550 921 644 992 illam,
666 939 741 1000 quae
756 924 888 984 refertur
904 924 941 984 ad
957 923 1075 1003 aliquid,

108 1010 333 1071 transferamus.

329 1198 373 1253 De
388 1199 483 1253 reluta
498 1197 539 1251 od
552 1198 663 1270 aliquid
676 1201 844 1269 quantitate.
1090 1218 1115 1257 ro

169 1345 243 1407 XXI.
288 1345 333 1407 nd
348 1344 457 1425 aliquid
474 1343 612 1426 [relatae]
629 1363 699 1406 vero
720 1347 891 1426 quantitatis
906 1345 1015 1426 duplex
1031 1356 1076 1409 est

107 1433 203 1512 prima
219 1431 331 1491 divisio.
377 1431 472 1492 Omne
487 1431 566 1491 enim
583 1440 633 1491 aut
648 1429 769 1508 aequale
785 1438 831 1492 est
846 1439 896 1492 aut
910 1432 1075 1511 inaequale,

105 1516 246 1596 quioquid
261 1514 383 1576 alterius
399 1515 619 1595 comparatione
634 1516 781 1576 metimur.
820 1516 857 1576 Et
872 1516 996 1594 aequale
1011 1519 1076 1596 qui·

105 1601 174 1661 dem
183 1608 236 1672 est,
245 1599 325 1678 quod
339 1601 376 1661 ad
388 1599 498 1679 aliquid
509 1609 713 1680 comparatum
722 1619 819 1679 neque
830 1603 946 1670 minore
959 1619 1075 1662 summa

105 1685 183 1746 infra
205 1693 263 1755 est,
285 1703 384 1764 neque
399 1686 511 1746 maiore
525 1685 759 1764 transgreditur,
782 1693 814 1746 ut
830 1686 968 1748 denarius
984 1687 1073 1748 dena·
1089 1705 1115 1745 ιε

105 1771 150 1830 rio
175 1770 220 1830 vel
240 1770 389 1830 ternarius
411 1770 540 1831 ternario
556 1769 602 1830 vel
618 1769 751 1830 cubitum
766 1770 865 1831 cubito
880 1770 926 1831 vel
941 1789 993 1850 pes
1007 1771 1076 1851 pedi

108 1854 200 1914 ethis
216 1852 332 1912 similia.
377 1854 456 1914 Haec
478 1861 576 1914 autem
596 1873 666 1932 pars
681 1854 791 1914 relatae
806 1854 844 1914 ad
859 1854 968 1933 aliquid
984 1873 1076 1932 quan·

107 1939 218 2006 titatis,
241 1937 269 1995 id
292 1945 337 1996 est
352 1936 526 2012 aequalitas,
547 1937 719 1997 naturaliter
736 1938 859 1997 indivisa
875 1947 929 1998 est.
974 1936 1077 1998 Nullus

108 2021 189 2081 enim
204 2027 302 2099 potest
318 2020 432 2088 dicere,
450 2020 527 2099 quod
544 2019 727 2097 aequalitatis
742 2020 799 2081 hoo
814 2021 934 2097 quidem
949 2019 1008 2080 tale
1025 2028 1077 2090 est,

105 2105 179 2166 illud
199 2123 270 2165 vero
291 2103 470 2164 huiusmodi.
516 2103 618 2165 Omnis
640 2106 718 2164 euim
733 2104 893 2183 aequalitas
908 2123 998 2164 unam
1013 2123 1075 2166 ser·
1091 2123 1116 2163 ro

105 2191 198 2251 vatin
213 2189 335 2269 propria
351 2188 555 2249 moderatione
571 2206 750 2250 mensuram.
782 2188 856 2249 lllud
873 2191 968 2259 etiam,
985 2190 1074 2268 quod,

106 2293 182 2354 quae
209 2275 238 2334 ei
258 2275 405 2353 quantitas
427 2281 632 2353 eomparatur,
661 2292 721 2334 non
743 2273 801 2335 alio
825 2273 968 2336 vocabulo
989 2284 1076 2355 atque

105 2362 183 2439 ipsa,
215 2359 263 2419 oui
292 2369 497 2438 comparatur,
532 2359 667 2420 edicitur.
722 2359 796 2420 Nam
826 2359 1075 2438 quomadmodum

107 2445 219 2504 amicus
234 2445 329 2504 amico
345 2445 457 2504 amicus
474 2453 531 2513 est,
555 2445 727 2523 vicinusque
742 2446 838 2505 vicino
855 2443 1013 2526 [vicinus],
1035 2448 1075 2506 ita

106 2530 213 2589 dicitur
229 2528 359 2606 aequalis
377 2526 490 2606 aequali
507 2528 675 2609 [aequalis].
1089 2546 1115 2586 aa

170 2612 337 2689 Inaequalis
357 2631 428 2673 vero
449 2615 620 2690 quantitatis
635 2615 751 2692 gemina
767 2614 870 2675 divisio
886 2622 940 2675 est.
987 2616 1075 2677 Seca-

108 2706 158 2757 tur
180 2698 257 2757 enim
281 2697 359 2776 quod
374 2696 530 2774 inaequale
547 2700 635 2758 estin
651 2699 746 2759 maius
761 2706 849 2776 atque
864 2702 978 2770 minus,
1000 2717 1077 2777 quae

109 2783 257 2842 contraria
270 2781 387 2842 sibimet
397 2783 635 2844 denominatione
647 2782 819 2861 iunguntur.
836 2783 971 2862 Namque
981 2786 1077 2845 maius

107 2867 225 2927 minore
246 2867 341 2927 maius
363 2873 407 2926 est
422 2873 451 2928 et
465 2868 562 2927 minus
578 2868 691 2928 maiore
706 2869 803 2928 minus
819 2876 876 2938 est,
901 2877 930 2930 et
951 2877 1076 2947 utraque

107 2969 168 3011 non
185 2951 295 3012 eisdem
312 2950 475 3021 vocabulis,
498 2952 746 3028 quemadmodum
767 2953 929 3015 seeundum
945 2953 1075 3031 aequali·
1089 2966 1115 3006 ³0

175 3170 331 3220 2unumi.
374 3168 529 3235 uiperea,
549 3172 942 3236 s3ipsam‚meoepunato‚r.
1000 3174 1077 3222 ilse-

106 3238 221 3303 quentia
241 3254 267 3288 a.
341 3239 561 3306 101nsartpttoni
578 3241 652 3290 addit
670 3255 695 3290 s:
712 3240 879 3290 ¹Secundum
897 3241 992 3290 thema
1009 3241 1077 3289 inei·

105 3307 155 3371 pit.
227 3308 259 3357 13
278 3307 491 3371 metitura‚b‚
511 3323 539 3369 o,
558 3307 577 3360 l.
649 3309 680 3358 19
702 3307 794 3357 dicere
814 3312 905 3372 potest
925 3324 950 3367 a,
970 3323 994 3366 c,
1014 3307 1034 3369 f,
1054 3321 1077 3357 ε.
1141 3351 1144 3355 Δ

105 3376 140 3424 20
160 3374 232 3423 enim
250 3390 298 3426 om.
318 3390 345 3436 o,
364 3389 386 3428 r.
456 3377 488 3424 21
507 3374 582 3426 Illud
599 3390 664 3425 vero
684 3391 704 3424 r.
740 3372 751 3438 Η
785 3375 857 3439 quod
876 3373 962 3439 quae]
984 3388 1038 3437 quo
1057 3373 1077 3421 f.

106 3442 140 3491 26
160 3443 325 3505 quantitatis
342 3457 410 3493 vero
435 3459 461 3506 o,
481 3457 503 3495 s.
577 3443 610 3492 28
628 3441 768 3507 finguntur
786 3458 818 3506 a,
837 3458 863 3500 r;
894 3439 1078 3506 finguntur‚i

105 3511 133 3558 iu
151 3525 170 3558 u
187 3517 294 3573 mutato,
314 3510 339 3558 d.
360 3538 393 3545 -
415 3509 483 3569 Quae
501 3512 572 3560 urreis
589 3511 680 3560 inclusi
698 3525 745 3560 om.
763 3511 838 3560 codd.
