2392 3922
387 152 477 203 rusu.
496 151 709 214 aurdanu,
728 154 751 201 a.
926 137 929 144 '
1015 146 1058 212 85

149 325 186 384 Et
202 325 226 383 si
241 325 344 402 positis
360 323 470 383 eisdem
494 321 550 380 ·Vl·
574 329 603 379 et
626 320 734 382 ·XVlll·
759 319 937 378 novenarius
952 336 1054 380 nume·

85 428 138 470 rus
163 412 192 468 in
215 409 371 468 medietate
395 413 541 484 ponatur,
571 405 627 463 erit
653 403 689 464 ad
711 405 860 463 senarium
883 403 1054 481 sesqualter,

87 496 137 572 qui
157 494 192 553 ad
217 493 336 553 ·XVlll·
360 490 467 571 duplus
491 496 550 557 est,
568 497 597 546 et
620 487 654 547 ad
679 489 827 547 senarium
860 486 980 547 ·XVlll·
1002 490 1055 547 tri·

86 576 153 654 plus
174 588 225 637 est.
521 653 548 692 tri
564 652 598 692 us

317 819 817 907 W

152 981 196 1040 Ex
221 977 329 1058 duplici
350 979 439 1054 igitur
461 984 489 1036 et
508 973 690 1053 sesqualtero
713 974 819 1051 triplex
841 977 916 1034 ratio
931 993 1057 1054 propor-

87 1066 178 1125 tionis
194 1065 343 1131 exoritur,
366 1069 395 1121 et
416 1062 446 1119 in
462 1079 511 1120 eas
527 1076 632 1120 rursus
647 1058 828 1120 resolutione
844 1060 920 1119 lacta
935 1078 1057 1121 revoca·

86 1159 144 1209 tur.
176 1149 207 1208 Si
223 1155 319 1207 autem
335 1146 399 1214 hic,
415 1144 444 1204 id
463 1152 507 1205 est
520 1143 627 1221 triplus
642 1161 799 1212 numerus,
817 1145 868 1221 qui
884 1152 928 1203 est
942 1146 1057 1222 species

85 1232 216 1294 secunda
243 1229 428 1308 multiplicis,
460 1229 608 1289 secundae
639 1228 747 1306 speciei
777 1229 1057 1307 superparticularis

85 1323 216 1395 aptetur,
235 1313 392 1392 quadrupli
408 1316 549 1373 contiuuo
566 1313 659 1373 forma
677 1315 853 1372 contexitur.
889 1313 926 1373 Et
946 1315 975 1372 in
991 1331 1055 1373 eas·
1071 1346 1096 1385 10

84 1401 151 1460 dem
173 1394 278 1459 rursus
298 1407 399 1478 partes
416 1397 541 1459 naturali
562 1398 721 1476 partitione
743 1397 873 1457 solvetur
893 1398 1056 1458 secundum

84 1485 221 1552 modurn,
245 1501 333 1561 quem
355 1485 493 1562 superius
521 1482 798 1543 demonstravimus.
836 1482 866 1541 Si
893 1500 963 1541 vero
985 1500 1056 1560 qua·

84 1569 208 1647 druplus
234 1587 299 1628 sese
326 1587 361 1628 ac
382 1569 607 1646 sesquiquartus
634 1565 854 1640 adglomerant,
880 1566 1058 1646 quincuplus

85 1654 224 1713 continuo
246 1654 310 1720 liet,
339 1661 369 1712 et
394 1653 419 1711 si
441 1650 619 1730 quincuplus
648 1668 715 1709 cum
745 1652 964 1727 sesquiquinto,
989 1671 1058 1711 mox

84 1736 213 1815 sescupli
228 1738 382 1816 proportio
399 1735 620 1814 coniugabitur‚
645 1741 733 1813 atquc
747 1736 787 1794 ita
804 1735 964 1795 secundum
982 1735 1097 1806 hanc15

85 1822 326 1901 progressionem
360 1827 484 1880 cunctae
510 1818 736 1898 multiplicitatis
765 1820 878 1898 species
904 1821 968 1879 sine
999 1819 1057 1880 ulla

84 1908 142 1965 rati
163 1905 275 1964 ordinis
296 1907 514 1982 permutatione
536 1910 713 1971 nascentur,
745 1905 837 1964 itaut
859 1903 965 1984 duplus
990 1923 1057 1964 curn

86 1987 270 2065 sesqualtero
286 1986 434 2067 triplicem
452 1996 547 2056 creet,
571 1987 677 2066 triplus
694 2006 761 2047 cum
783 1989 968 2065 sesquitertio
985 2007 1057 2066 qua·

85 2072 242 2150 druplum‚
271 2071 453 2152 quadruplus
481 2090 548 2132 cum
577 2073 785 2150 sesquiquarto
809 2073 1000 2151 quincuplum
1030 2082 1058 2133 et

85 2157 192 2218 eodem
224 2158 328 2226 modo,
357 2162 388 2217 ut
413 2154 512 2217 nullus
536 2155 613 2217 hanc
640 2157 892 2217 continuationem
920 2158 986 2217 finis
1012 2161 1096 2229 in·20

85 2241 193 2320 pediat

156 2428 170 2474 1
190 2441 239 2475 sex
258 2442 280 2480 c.
303 2423 316 2492 11
340 2441 469 2476 numerus
488 2443 533 2477 om.
555 2441 579 2484 a,
599 2442 627 2487 c,
645 2443 667 2479 r.
746 2425 944 2492 2medietate]
966 2428 1057 2477 medio

85 2494 104 2546 l.
129 2489 141 2559 ΙΙ
163 2496 276 2557 ponitur
294 2495 319 2544 d.
342 2491 355 2560 11
379 2495 485 2558 eritque
505 2495 530 2545 d.
584 2497 748 2543 doctarum
761 2493 895 2544 decimum
916 2510 937 2544 s.
984 2498 1058 2545 dest

84 2577 130 2611 om.
149 2561 174 2612 d.
194 2563 259 2611 Post
278 2566 320 2612 est
338 2564 411 2612 addit
429 2560 579 2610 secundum
599 2562 743 2612 subiectae
756 2561 862 2627 figurae
876 2561 1021 2612 formulam
1034 2579 1056 2625 r,

84 2627 238 2677 secundum·
252 2630 397 2678 subiectae
410 2629 526 2694 figuram
540 2628 675 2678 formulae
688 2644 709 2682 s.
764 2631 779 2678 6
792 2629 874 2694 duplo
893 2633 919 2680 iu
937 2633 1015 2680 litura
1028 2646 1055 2692 r;

84 2693 162 2759 dupli
180 2712 248 2746 carr.
268 2699 294 2746 ia
314 2696 419 2761 duplici
439 2712 464 2745 a.
487 2692 500 2762 l}
523 2697 694 2800 rapiolsupra
712 2712 811 2746 versum
827 2698 853 2747 b.
926 2699 957 2747 10
976 2703 1056 2762 apta·

519 2772 547 2800 ua
564 2772 588 2798 ru
612 2773 638 2799 us

83 2817 129 2862 tur
146 2813 165 2863 f.
194 2809 206 2879 ll
234 2816 298 2866 Post
317 2830 380 2864 con·
414 2771 725 2899 m
750 2814 773 2871 l;
792 2816 814 2864 I.
833 2815 884 2864 ΙΙΙ.
903 2815 967 2865 IIII.
987 2823 1011 2865 et
1029 2819 1055 2864 iu

134 2881 239 2930 texitur
256 2885 329 2933 addit
416 2911 723 2945 W
778 2884 891 2945 marpine
905 2881 935 2932 al
952 2884 1004 2933 ΙΙΙ.

425 2947 502 3000 triplus
548 2947 703 2998 sesquitertius

82 2996 175 3048 VIIII.
198 2998 260 3050 XII.
288 3001 319 3057 b;
351 3003 377 3049 iu
405 3002 519 3065 marpiae
548 3001 598 3053 111.
628 3000 716 3055 vini.
747 3001 808 3050 XII.
828 2999 853 3049 d.
942 3003 973 3050 14
992 3002 1055 3051 Post

81 3064 131 3114 fiet
148 3068 221 3116 addit
238 3068 304 3118 1111.
324 3067 395 3118 XVI.
419 3068 479 3117 XX.
498 3067 530 3129 b3
554 3085 605 3117 una
623 3084 676 3116 cum
699 3070 807 3119 arcubus
830 3076 857 3117 et
878 3068 1053 3132 inscriptioni-

81 3133 127 3182 bus
145 3132 170 3194 l;
188 3135 214 3184 in
232 3137 344 3201 marqinc
363 3136 388 3187 d.
443 3138 475 3186 15
495 3135 712 3200 coniungsbitur
732 3153 761 3200 a,
781 3153 799 3185 n
817 3151 911 3184 rasura
930 3137 1012 3186 deleto
1026 3152 1053 3197 r;

83 3201 261 3266 coniungitur
278 3203 304 3265 b,
324 3202 347 3264 l;
368 3203 552 3267 coniungetur
570 3220 602 3267 c,
624 3203 643 3250 f.
667 3201 679 3268 Η
706 3206 771 3255 Post
790 3203 987 3267 coniugabitur
1006 3205 1055 3253 ad-

82 3270 120 3318 dit
141 3270 174 3320 V.
198 3269 282 3322 XXV.
304 3271 390 3322 XXXz
414 3271 445 3333 b3
472 3286 523 3319 uua
546 3287 600 3320 cum
622 3271 731 3321 arcubus
754 3279 779 3320 et
803 3272 1011 3335 inscriptionibus
1028 3269 1052 3331 l;

81 3341 108 3384 in
124 3339 239 3400 maraine
258 3338 283 3387 d.
355 3340 386 3389 17
404 3339 459 3388 rati
477 3353 524 3387 om.
545 3353 569 3403 c,
590 3338 616 3400 d,
636 3338 657 3400 f,
676 3354 697 3399 r,
712 3353 738 3400 s;
758 3339 866 3388 ratione
886 3353 916 3400 ας
936 3340 992 3388 rati
1010 3353 1054 3387 su-

78 3419 132 3466 pra
149 3418 247 3454 versum
264 3405 290 3454 b.
345 3407 376 3455 18
395 3410 473 3455 creat
490 3419 512 3456 s.
535 3401 547 3471 ll
570 3409 599 3455 et
611 3404 709 3470 triplus
729 3422 754 3469 a,
775 3423 802 3467 c,
818 3421 844 3467 r,
859 3421 881 3456 s.
937 3408 968 3455 19
987 3419 1054 3468 qua·

82 3470 196 3535 druplus
216 3497 239 3524 ·.
254 3510 261 3524 .
274 3472 450 3537 quincuplum
469 3488 515 3530 om,
536 3489 562 3524 a.
632 3475 665 3522 20
684 3472 732 3521 fini
750 3488 819 3523 corr.
838 3474 863 3520 iu
882 3471 944 3521 finis
964 3488 989 3520 u.
