2392 3922
412 109 676 165 memororum.
694 111 721 173 1,
742 113 781 160 11.
1037 106 1080 173 25

111 300 168 360 que
190 281 248 341 hoc
270 282 300 340 in
324 277 580 342 numerosioribus
601 278 735 338 terminis
753 278 837 339 initio
852 287 969 357 sumpto
985 297 1001 340 a
1017 297 1077 341 me-

111 365 165 426 diis
182 368 280 427 evenit
294 367 459 445 usquedum
476 364 512 424 ad
530 371 662 422 extrema
676 363 818 423 veniatur.

110 556 155 610 De
180 571 299 612 numero
324 558 472 627 inpariter
498 553 569 623 pori
595 553 712 622 eiusque
733 553 962 621 proprietatibus
987 554 1078 627 deque

155 644 216 696 eius
231 642 270 696 att
281 644 398 711 puriter
411 651 517 709 parem
532 642 559 690 et
571 637 690 705 pariter
704 637 835 706 inparem
857 641 1033 709 cognatione.

173 787 223 847 Xl.
253 787 402 864 lupariter
424 800 477 862 par
498 800 639 844 numerus
662 791 706 842 ost
728 801 763 842 ex
779 783 913 860 utrisque
929 784 1104 845 coniectura

111 881 140 933 et
157 871 327 930 medietatis
341 868 406 928 loco
423 868 536 946 gemina
549 868 735 928 extremitate
751 865 946 938 conciuditur,
963 875 1004 936 ut,
1021 885 1078 944 quo

111 955 148 1015 ab
171 963 301 1031 utroque
323 953 482 1031 discrepet,
511 953 613 1012 eadem
640 952 676 1018 ad
698 951 876 1012 alterutrum
903 953 1079 1029 cognatione

112 1040 261 1114 iungatur.
297 1038 351 1098 Hic
377 1046 474 1098 autem
500 1036 565 1096 talis
587 1045 645 1106 est,
675 1039 724 1116 qui
751 1036 893 1097 dividitur
917 1039 948 1096 in
970 1054 1080 1113 aequas

111 1131 226 1200 partes,
250 1123 391 1200 cuiusque
406 1139 475 1199 pars
497 1124 526 1181 in
542 1121 613 1182 alias
629 1139 738 1200 aequas
754 1121 842 1181 dividi
858 1128 968 1200 potest,
992 1122 1077 1181 etiam

110 1205 267 1285 aliquando
289 1215 390 1284 partes
413 1207 542 1285 partium
565 1205 749 1275 dividuntur,
770 1206 821 1266 sed
845 1223 903 1264 non
926 1224 1019 1283 usque
1041 1205 1076 1266 ad
1092 1221 1118 1259 10

109 1292 252 1351 unitatem
283 1291 475 1368 progreditur
506 1289 636 1368 aequatis
665 1289 712 1350 ilia
744 1291 917 1358 disiunctio,
948 1300 981 1350 ut
1010 1299 1078 1363 snut

110 1375 236 1435 nxttlt·
254 1383 283 1435 et
301 1375 437 1436 xxviii·
465 1374 503 1434 Hi
519 1377 596 1434 cuim
613 1381 738 1452 possunt
752 1378 781 1434 in
799 1374 971 1435 medietates
987 1374 1077 1436 dividi

109 1468 138 1520 et
164 1478 267 1520 eorum
296 1478 399 1520 rursus
425 1466 525 1537 partes
551 1461 580 1518 in
609 1458 679 1518 alias
701 1459 873 1524 medietates
895 1461 958 1520 sine
980 1459 1076 1537 aliqua

110 1544 293 1604 dubitatione
319 1544 481 1604 solvuntur.
523 1543 598 1603 Sunt
626 1546 715 1603 ctiam
738 1544 856 1622 quidam
880 1543 928 1603 aiii
950 1545 1075 1610 numeri,

109 1647 235 1706 quorum
252 1637 352 1708 partes
368 1627 439 1688 alias
459 1630 609 1707 recipiunt
625 1628 796 1697 divisiones,
821 1628 872 1689 sed
893 1630 957 1708 ipsa
973 1629 1077 1689 divisio
1091 1640 1115 1680 1⁵

110 1713 145 1772 ad
163 1716 302 1774 unitatem
320 1731 413 1791 usque
436 1730 496 1772 uon
512 1715 656 1790 pervenit.
688 1713 781 1790 lgitur
796 1715 826 1772 in
843 1731 893 1781 eo,
917 1712 994 1790 quod
1012 1713 1078 1790 plus

109 1814 198 1874 quam
214 1815 302 1856 unam
320 1799 445 1874 suscipit
460 1798 636 1867 sectionem,
653 1796 742 1858 habet
754 1796 981 1857 similitudinem
996 1800 1076 1875 pari-

110 1889 156 1938 ter
177 1883 271 1956 paris,
298 1880 351 1939 sed
372 1898 389 1938 a
410 1882 521 1957 pariter
548 1882 645 1959 inpari
668 1888 861 1956 segregatum
890 1883 920 1939 in
943 1898 977 1939 eo
999 1899 1076 1950 vero,

112 1962 189 2041 quod
211 1979 304 2038 usquc
325 1963 362 2021 ad
384 1981 474 2022 unum
491 1965 581 2024 sectio
603 1963 652 2022 iila
669 1980 728 2021 non
745 1964 876 2030 ducitur,
902 1965 1012 2039 pariter
1033 1965 1078 2023 in·

109 2065 212 2126 parem
234 2064 292 2106 nou
318 2048 441 2114 refutat,
465 2047 555 2107 seda
573 2049 684 2124 pariter
700 2049 765 2125 pari
786 2046 971 2124 disiungitur.
1004 2048 1077 2108 Con·
1091 2058 1116 2098 20

110 2133 194 2208 tingit
209 2140 306 2191 autem
322 2131 393 2192 huic
408 2149 533 2192 numero
555 2140 584 2192 et
605 2139 729 2209 utraque
752 2130 878 2200 habere,
902 2149 976 2209 quae
991 2149 1078 2210 supe·

109 2217 203 2276 riores
225 2234 285 2276 non
308 2215 432 2286 habent,
457 2225 485 2276 et
507 2225 646 2294 utraque,
668 2233 743 2293 quae
758 2214 800 2275 ilii
816 2217 978 2294 recipiunt,
1001 2216 1077 2277 obti-

110 2319 190 2360 nere.
221 2301 257 2361 Et
278 2300 366 2361 habet
382 2301 514 2380 quidem,
532 2300 609 2380 quod
627 2302 746 2380 utrique
763 2319 821 2361 non
839 2301 962 2370 hahent,
988 2303 1076 2380 quod,

109 2403 177 2444 cum
191 2385 222 2443 in
238 2403 297 2444 uno
315 2384 394 2446 solus
409 2388 505 2446 maior
521 2388 666 2446 terminus
682 2385 871 2455 divideretur,
887 2388 918 2446 in
933 2386 989 2447 alio
1006 2405 1076 2448 vero

109 2467 189 2529 solus
204 2470 302 2529 minor
318 2471 461 2530 terminus
476 2488 537 2530 non
553 2470 747 2539 divideretur,
764 2472 795 2530 in
812 2471 869 2531 hoc
885 2489 981 2549 neque
997 2470 1076 2533 solus
1089 2483 1115 2534 25

109 2556 202 2612 maior
218 2555 364 2614 terminus
379 2554 553 2615 divisionem
568 2556 682 2631 recipit,
700 2573 796 2632 neque
809 2558 906 2617 minor
921 2555 1001 2616 solus
1017 2565 1076 2618 ter·

108 2640 206 2698 minus
222 2656 238 2696 a
255 2637 398 2699 divisione
414 2641 589 2716 seiungitur.
621 2639 694 2700 Nam
720 2646 749 2699 et
764 2649 863 2716 partes
878 2639 1032 2701 solvuntur
1049 2649 1078 2701 et

108 2722 254 2801 usquead
270 2724 412 2783 unitatem
432 2725 524 2783 sectio
545 2722 593 2783 illa
610 2742 670 2784 non
685 2726 833 2801 pervenit,
858 2725 912 2786 sed
928 2734 995 2785 ante
1010 2727 1075 2786 uni·

109 2815 198 2867 tatem
213 2809 364 2868 invenitur
379 2810 537 2878 terminus,
561 2826 648 2886 quem
664 2826 765 2869 secare
781 2827 840 2869 non
857 2812 962 2889 possis.
994 2809 1077 2871 Obti-

175 2961 191 3009 3
209 2959 407 3024 Inscriptionem
425 2976 472 3010 om.
499 2958 524 3010 d.
561 2960 765 3025 Descriptionis
785 2961 820 3010 ad
838 2962 983 3026 impariter
1000 2963 1076 3026 paris

106 3030 235 3076 naturam
252 3043 280 3091 p.
303 3027 321 3077 l.
408 3027 542 3080 tadone.
563 3042 589 3082 a,
678 3031 708 3078 10
727 3029 775 3078 sed
794 3044 848 3079 non
866 3030 945 3091 utb,
968 3027 998 3089 d,
1018 3027 1038 3090 f,
1058 3030 1076 3079 l.

107 3096 139 3142 ll
158 3095 353 3160 progrediatur
370 3095 403 3155 d,
423 3095 447 3157 f,
464 3095 490 3157 i,
509 3111 535 3158 ις
555 3095 745 3160 progreditur,
765 3111 782 3145 a
799 3111 880 3160 cupra
897 3097 907 3144 i
924 3097 1009 3161 posito
1027 3095 1054 3146 b.
1068 3095 1076 3160 li

107 3162 264 3226 aequabilis
282 3163 315 3228 d,
334 3163 354 3213 l.
378 3159 390 3229 Ι]
414 3163 513 3213 divisio
533 3163 553 3215 f.
624 3165 655 3212 to
673 3163 811 3228 recipiant
834 3179 865 3228 a,
886 3179 912 3223 s,
937 3162 1077 3227 recipiunt

107 3237 132 3279 et
149 3245 230 3294 cupra
247 3247 345 3282 uersum
362 3229 376 3281 l
394 3235 443 3280 ant
460 3231 487 3280 b.
563 3232 593 3280 li
613 3231 711 3295 recipit
731 3245 755 3282 c.
824 3232 857 3279 24
876 3231 903 3280 in
922 3245 976 3279 uno
996 3244 1076 3293 supe·

105 3297 208 3347 riorum
227 3298 251 3361 f,
286 3298 459 3363 superiorum
481 3313 516 3348 ex
534 3314 602 3349 corr.
625 3314 706 3363 cupra
727 3313 825 3348 uersum
843 3297 861 3347 i.
885 3293 897 3362 Η
925 3296 1075 3359 videretur,

107 3364 134 3413 di
152 3381 188 3416 eae
204 3381 272 3417 corr.
291 3368 392 3429 addito,
411 3366 436 3415 d.
499 3367 532 3416 26
551 3365 626 3416 solus
637 3367 725 3416 minor
737 3381 763 3428 a,
783 3366 809 3414 b.
873 3365 906 3414 28
918 3363 970 3412 illc
988 3378 1034 3412 om.
1050 3379 1075 3422 a,

105 3447 161 3483 non
178 3435 305 3498 pervenit
322 3433 374 3485 iila
394 3434 482 3485 seatio
496 3433 515 3482 f.
