2392 3922
144 180 164 236 4
353 174 445 224 INST.
464 173 617 224 ARITHM.
637 175 665 235 Ι,
684 171 903 225 PRAEFATIO.

145 343 208 404 lere
230 343 288 404 ulla
309 344 350 403 sic
373 345 487 402 cunctis
510 341 644 402 absoluta
665 341 800 420 partibus
814 340 924 401 nullius
939 341 1036 419 indiga
1054 343 1114 402 suls

146 435 257 488 tantum
274 437 319 487 est
336 428 457 487 scientia
478 427 545 486 nixa
559 426 728 503 praesidiis,
746 437 848 486 utnon
862 434 1028 486 ceterarum
1041 445 1114 504 qtro·

147 532 204 591 que
220 513 326 572 artium
343 511 512 571 adiumenta
529 510 685 571 desideret.
717 510 791 570 Nam
807 511 837 569 in
854 510 1019 586 elligiandis
1035 530 1112 570 mar·

147 615 230 657 more
246 598 349 656 statuis
365 594 438 655 elius
451 595 631 655 excidendae
647 593 731 655 molis
747 593 831 654 labor
844 603 896 664 est,
914 593 968 654 alia
981 595 1113 655 forman·

120 681 202 742 sdae
217 682 353 758 imaginis
369 681 453 746 ratio,
471 697 527 739 nec
545 679 677 740 eiusdem
693 679 812 738 artificis
827 697 932 739 manus
948 678 1031 757 politi
1044 699 1114 757 ope-

145 768 186 826 ris
207 768 285 826 nitor
302 772 461 842 exspectat.
491 767 527 825 nt
542 765 675 840 picturae
691 762 826 823 manibus
841 763 939 823 tabule
957 766 1112 824 commissa

145 850 314 911 fabrorum:
332 868 418 912 cerae
433 850 543 908 rustica
559 847 764 923 observatione
781 847 953 925 decerptae,
980 848 1113 925 colorum

144 936 203 996 luci
221 944 419 994 mercatorum
434 931 563 992 sollertia
576 933 742 1010 perquisiti,
759 931 847 993 lintea
864 935 998 1008 operosis
1014 931 1113 993 elabo-

145 1027 208 1081 rata
218 1021 353 1079 textrinis
366 1015 561 1095 multiplicem
574 1017 728 1078 materiam
741 1025 902 1094 praestant.
919 1016 1023 1077 Nonne
1035 1017 1113 1077 idem

105 1122 130 1161 ro
144 1121 262 1183 quoque
274 1105 304 1162 in
317 1101 463 1162 bellorum
477 1101 579 1162 visitur
591 1102 815 1162 instrumentis?
837 1101 891 1162 Hic
903 1101 1014 1178 spicula
1025 1105 1113 1179 sagit·

144 1192 181 1249 tis
198 1188 331 1255 exacuit,
348 1185 389 1246 illi
405 1184 516 1246 validus
532 1194 617 1246 torax
635 1186 717 1269 nigra
734 1187 824 1262 gemit
840 1187 960 1256 incude,
977 1186 1113 1247 astallus

144 1273 229 1333 crudi
245 1271 384 1332 umbonis
396 1271 524 1347 tegmina
542 1271 655 1352 proprii
671 1269 782 1331 laboris
798 1271 863 1331 orbi
873 1270 1021 1349 infigenda
1033 1289 1113 1331 mer-

143 1365 237 1417 catur.
268 1355 341 1416 Tam
364 1355 463 1415 multis
479 1356 593 1416 artibus
615 1374 664 1415 ars
686 1373 745 1416 una
766 1357 927 1433 perficitur.
963 1357 1000 1416 dt
1020 1358 1113 1414 nostri

143 1441 253 1501 laboris
270 1439 416 1501 absolutio
432 1439 520 1517 longe
542 1441 578 1500 ad
595 1439 758 1501 faciliorem
774 1442 869 1501 currit
884 1450 1030 1500 eventum.
1068 1440 1113 1500 Tu

105 1542 130 1580 ιι
146 1527 223 1585 enim
240 1523 321 1584 solus
336 1542 456 1584 uranum
473 1543 612 1605 supremo
635 1527 720 1604 operi
743 1527 884 1602 inpones,
906 1525 936 1584 in
958 1542 1017 1604 quo
1040 1523 1113 1585 nihil

144 1609 181 1669 de
197 1610 419 1670 decernentium
444 1627 564 1670 necesse
586 1618 631 1671 est
651 1607 788 1670 laborare
811 1627 966 1670 consensu.
1003 1609 1111 1680 Quam-

143 1693 216 1753 libet
232 1695 309 1754 enim
326 1693 383 1753 hoc
399 1693 538 1754 iudicium
555 1693 655 1754 multis
671 1694 785 1754 artibus
796 1694 940 1772 probetur
952 1692 1111 1763 excultum,

142 1796 202 1838 rtno
224 1787 322 1839 tamen
344 1778 511 1839 cumulatur
532 1781 676 1839 examine.

206 1863 369 1941 Experiere
396 1864 485 1940 igitur
512 1862 594 1933 licet,
625 1874 768 1942 quantum
797 1861 882 1922 nobis
908 1863 939 1921 in
966 1863 1023 1922 boc
1050 1871 1111 1923 stu·

104 1965 129 2004 eo
143 1948 190 2008 dio
218 1947 314 2026 longis
341 1956 454 2009 tractus
481 1949 548 2008 otiis
569 1947 653 2008 labor
674 1947 830 2015 adiecerit,
862 1964 898 2006 au
920 1965 1021 2007 rerum
1042 1946 1112 2007 sub·

143 2033 237 2094 tilium
266 2033 353 2110 fugas
381 2035 556 2095 exercitatae
583 2035 689 2094 mentis
715 2032 854 2092 velocitas
879 2030 1110 2110 conprelrendat,

145 2127 243 2178 utrum
270 2119 388 2178 ieiunae
416 2118 524 2178 macies
546 2118 688 2178 orationis
714 2115 748 2177 ad
777 2134 825 2188 ea,
856 2133 931 2193 quae
953 2125 1023 2175 sunt
1043 2115 1111 2176 call·

143 2202 282 2278 gentibus
312 2202 441 2279 inpedita
472 2203 626 2262 sententiis
657 2200 838 2280 expedienda
868 2199 1001 2260 sulliciat.
1048 2197 1112 2269 Qua
1142 2214 1144 2216 ’

143 2290 170 2343 in
193 2304 226 2346 re
248 2285 320 2345 mibi
343 2286 429 2346 alieni
452 2304 570 2364 quoque
590 2284 691 2345 iudicii
710 2286 795 2346 luera
817 2292 1016 2362 quaeruntur,
1043 2303 1111 2344 curn

103 2385 129 2425 es
144 2382 172 2428 tn
197 2378 392 2448 utrarumque
412 2371 609 2446 peritissimus
629 2370 796 2432 litterarum
811 2370 907 2448 possis
922 2369 1028 2432 Graiae
1045 2386 1111 2428 ora·

96 2493 98 2496 .
144 2456 230 2514 tionis
258 2454 429 2532 expertibus
459 2465 601 2533 quantum
631 2455 667 2516 de
696 2455 783 2516 nobis
813 2454 944 2515 iudicare
974 2453 1110 2520 audeant,

142 2538 205 2598 sola
231 2547 345 2599 tantum
372 2540 614 2618 pronuntiatione
641 2537 856 2618 praescribere.
901 2542 937 2599 dt
956 2557 1017 2598 non
1040 2535 1111 2597 alte-

143 2625 203 2683 rius
234 2620 381 2683 obnoxius
407 2624 547 2685 institutis
577 2625 722 2685 artissima
753 2632 863 2684 memet
892 2624 956 2702 ipse
987 2620 1111 2682 transla-

143 2708 231 2767 tionis
257 2705 323 2785 lege
350 2711 534 2786 constringo,
566 2710 617 2769 sed
644 2708 794 2786 paululum
822 2707 945 2767 liberius
972 2715 1110 2783 evagatus

103 2807 128 2847 ao
143 2792 237 2852 alieno
254 2794 367 2860 itineri,
385 2810 444 2852 non
460 2794 603 2870 vestigiis,
620 2795 732 2854 insisto.
765 2792 836 2852 Nam
860 2801 889 2852 et
909 2810 959 2860 ea,
983 2809 1057 2868 quae
1074 2791 1111 2851 de

141 2877 273 2937 numeris
296 2894 312 2935 a
334 2877 515 2938 Nicomacho
531 2878 665 2938 diffusius
687 2877 833 2957 disputata
853 2884 936 2946 surtt,
958 2877 1109 2936 moderata

210 3097 224 3144 1
247 3096 362 3160 indigua
381 3112 405 3146 a.
463 3100 479 3148 3
499 3097 665 3162 effingendis
684 3096 869 3230 ffeffifiendis
888 3113 909 3145 r.
972 3097 989 3145 4
1009 3099 1051 3144 est
1063 3111 1110 3147 om.

141 3163 166 3221 d,
181 3162 198 3211 l.
256 3163 394 3214 8solatia
411 3164 437 3213 d.
495 3168 526 3215 10
544 3164 714 3216 imbellorum
733 3180 757 3215 c.
804 3167 833 3214 in
850 3164 985 3215 bellorum
1004 3178 1110 3228 quoque

141 3231 166 3291 f,
186 3247 207 3279 r.
274 3233 304 3280 11
323 3233 423 3282 thorax
442 3233 460 3288 f,
527 3235 557 3283 12
580 3232 704 3283 crudium
727 3233 807 3284 bouis
827 3249 855 3292 a,
874 3234 907 3294 b,
927 3248 948 3282 s.
966 3228 977 3299 ll
993 3230 1110 3296 infigens

140 3297 315 3348 demereatur
332 3316 354 3350 e.
409 3303 440 3351 17
458 3300 552 3350 multis
571 3301 678 3351 artibus
697 3301 748 3350 hoe
767 3301 899 3350 iudicium
913 3301 933 3362 f,
946 3299 1040 3350 multis
1057 3298 1109 3348 hoc

139 3366 272 3416 iudicium
285 3369 392 3417 artibus
405 3383 426 3418 s.
481 3370 513 3419 18
526 3367 695 3418 cumulemur
708 3385 737 3431 c,
756 3385 777 3417 r.
831 3370 864 3418 24
882 3369 950 3418 mihi
970 3384 982 3417 s
1001 3370 1026 3418 in
1043 3382 1110 3414 mur-

138 3436 197 3499 9ine
214 3431 225 3499 ΙΙ
243 3435 329 3485 alieni
345 3435 412 3485 mihi
432 3452 455 3486 c.
526 3437 558 3486 25
577 3435 733 3500 linguprum
757 3435 852 3500 (cupra
870 3452 981 3486 cererem:
1003 3433 1016 3484 l
1033 3433 1110 3484 titte-

140 3502 243 3566 rnrum)
263 3516 283 3554 s.
354 3506 387 3554 28
406 3503 531 3553 obnoxiis
550 3518 575 3555 a.
588 3499 599 3567 ll
611 3501 670 3570 ips}
687 3504 707 3553 l.
