2392 3922
139 160 181 225 48
438 163 529 215 INST.
548 162 700 216 ARITHM.
718 163 745 223 1,
765 165 807 216 23.

140 333 213 391 tium
228 349 332 410 parem
348 347 461 398 sumas,
484 329 513 389 id
531 339 575 390 est
593 331 664 401 ·Vl·,
687 333 765 391 tertii
787 334 904 392 numeri
926 335 954 392 in
977 334 1110 395 naturali

140 417 349 477 constitutione
371 412 476 490 duplus
497 424 555 481 est,
577 414 606 474 id
622 423 666 476 est
681 417 819 483 ternarii;
842 418 867 476 si
884 435 953 476 vero
969 423 1126 496 quartum‘

140 518 242 579 parem
255 499 402 576 inspicias
411 497 440 557 id
454 506 507 558 est·
519 500 590 560 Vlll·
603 501 698 578 quarti
710 502 837 569 numeri,
851 501 880 561 id
892 508 938 561 est
948 510 1107 580 quaterna·

140 585 186 652 rii,
203 583 312 661 duplus
328 591 380 644 est.
401 581 543 661 idemque
553 586 583 644 in
600 585 706 646 ceteris
718 585 746 644 in
759 585 905 645 inlinitum
922 587 1109 648 sumentibus

114 681 127 721 ⁵
141 669 205 730 sine
218 668 316 746 aliquo
326 668 530 746 inpedimento
542 669 686 747 procedit.
715 669 858 748 Triplices
870 678 969 732 autem
980 689 1108 733 nascun-

140 763 205 824 tur,
227 755 251 813 si
273 754 303 813 in
325 752 428 813 eadem
450 752 640 833 dispositione
661 753 787 815 naturali
808 755 865 814 duo
882 772 1000 833 semper
1016 757 1108 817 inter·

141 842 308 906 mittantur,
331 839 424 915 etqui
441 848 507 915 post
523 838 597 898 duos
612 848 695 908 sunt,
718 839 753 899 ad
770 838 932 900 naturalem
949 859 1108 902 numerum

140 929 361 1002 comparentur,
387 931 510 1000 excepto
525 925 665 991 ternario,
683 926 743 1001 qui,
761 932 793 983 ut
807 925 926 984 unitatis
939 924 1048 1002 triplus
1064 927 1108 994 sit,

141 1009 237 1071 solum
257 1008 404 1068 binarium
428 1009 644 1085 praetermittit.
694 1008 764 1068 Post
785 1026 877 1068 unum
899 1011 976 1070 enim
1001 1019 1029 1070 et
1051 1011 1109 1070 duo

103 1108 129 1149 10
142 1102 203 1154 tres
224 1100 306 1159 sunt,
333 1092 383 1169 qui
403 1090 509 1169 triplus
530 1093 618 1152 unius
639 1100 697 1160 est;
724 1111 829 1153 rursus
844 1100 911 1171 post
928 1094 1001 1154 ·llll·
1020 1103 1050 1154 et
1068 1097 1108 1156 ·V·

141 1185 211 1240 sunt
227 1175 299 1244 ·Vl·,
317 1177 367 1255 qui
382 1176 505 1236 secundi
520 1178 651 1245 numeri,
668 1176 699 1236 id
715 1186 760 1237 est
775 1177 912 1247 duorum,
928 1177 1032 1255 triplus
1049 1186 1110 1247 est;

140 1278 246 1320 rursus
260 1270 327 1339 post
343 1259 398 1326 ·vl·
416 1268 486 1320 sunt
501 1260 570 1323 ·Vll·
589 1268 618 1321 et
633 1261 716 1322 ·Vlll·
734 1270 762 1321 et
778 1271 844 1339 post
858 1262 913 1324 hos
930 1263 1040 1328 ·Vllll,
1059 1265 1112 1341 qui

140 1345 221 1405 tertii
241 1347 372 1416 numeri,
396 1344 427 1404 id
450 1354 493 1406 est
516 1347 637 1407 ternarii
652 1345 758 1424 triplus
774 1357 832 1416 est;
854 1357 942 1424 atque
957 1347 1014 1408 hoo
1029 1346 1110 1408 idem

140 1431 171 1489 in
193 1431 339 1491 inlinitum
360 1431 384 1489 si
406 1433 471 1508 quis
492 1432 593 1499 iaciat,
617 1433 681 1491 siue
703 1431 760 1492 ulla
782 1432 943 1492 offensione
964 1433 1109 1510 procedit.

103 1528 128 1568 1⁵
141 1513 383 1593 Quadruplorum
402 1534 472 1576 vero
493 1517 645 1594 generatio
666 1517 784 1593 incipit,
807 1517 909 1593 siquis
929 1523 989 1576 tres
1005 1534 1111 1577 nume·

141 1616 191 1660 ros
212 1600 393 1660 intermittat.
445 1601 516 1661 Post
536 1618 626 1660 unum
648 1601 756 1679 quippe
778 1609 806 1660 et
828 1601 886 1662 duo
909 1611 937 1660 et
961 1600 1020 1661 ·lll·
1042 1609 1112 1662 sunt

144 1683 233 1753 ·llll·,
256 1685 305 1762 qni
321 1685 421 1761 primi,
444 1684 474 1744 id
490 1695 535 1746 est
551 1685 652 1753 unius,
677 1684 860 1764 quadruplus
879 1693 938 1754 est;
961 1703 1067 1747 rursus
1087 1687 1112 1746 si

141 1768 329 1828 intermisero
352 1769 532 1846 quinarium,
564 1771 713 1830 senarium
736 1776 765 1830 et
785 1771 1001 1848 septenarium,
1028 1778 1112 1831 octo-

141 1854 242 1914 narius
263 1853 336 1913 mihi
360 1861 482 1931 quartus
504 1856 649 1924 occurrit,
676 1854 773 1916 tribus
793 1852 905 1915 seilicet
924 1856 1110 1924 intermissis,

103 1939 192 2018 toqui
213 1938 334 2007 binarii,
361 1937 457 2000 idest
483 1939 605 2000 secundi
631 1941 748 2000 numeri
778 1938 960 2018 quadruplus
988 1949 1047 2008 est;
1083 1947 1112 1999 at

140 2040 210 2082 vero
227 2024 334 2101 sipost
351 2023 433 2083 ·Vlll·
450 2032 511 2084 tres
526 2025 668 2085 terminos
682 2025 885 2093 intermisero,
906 2025 934 2085 id
951 2033 996 2085 est
1013 2023 1110 2086 ·Vllll·

140 2106 186 2167 vel
208 2107 252 2168 ·X·
275 2107 321 2168 vel
339 2107 396 2169 ·Xl·
420 2107 634 2178 duodenarius
662 2111 713 2187 qui
735 2111 883 2189 sequitur,
912 2110 1034 2170 ternarii
1055 2125 1110 2170 nu·

141 2193 217 2252 meri
237 2192 420 2271 quadruplus
447 2202 506 2262 est;
534 2202 621 2273 atque
643 2194 699 2254 lroe
720 2194 798 2254 idern
819 2196 850 2253 in
872 2195 1018 2255 inlinitum
1040 2211 1109 2272 pro-

141 2277 250 2353 gressis
277 2294 397 2338 necesse
420 2286 463 2339 est
485 2281 616 2353 evenire,
640 2296 817 2357 semperque
838 2297 895 2338 una
916 2279 1111 2339 terminorum

103 2374 128 2414 25
140 2363 359 2423 intermissione
381 2363 405 2423 si
427 2369 541 2423 creseat
562 2364 700 2432 adiectio,
724 2363 875 2423 ordinatas
897 2371 926 2424 te
941 2361 1111 2441 multiplicis

143 2450 260 2508 numeri
285 2448 364 2508 vices
389 2449 523 2507 invenire
550 2449 716 2509 miraberis.
767 2448 798 2508 Si
822 2450 900 2508 enim
922 2447 995 2509 ·llll·
1018 2448 1111 2508 inter·

142 2533 254 2601 mittas,
287 2531 461 2610 quincuplus
487 2535 647 2604 invenitur,
678 2534 704 2593 si
732 2534 774 2593 ·V·
802 2532 970 2612 sescuplus,
1001 2533 1026 2591 si
1054 2531 1109 2592 -v1·

143 2615 312 2696 septuplus,
334 2635 512 2696 semperque
535 2619 627 2697 ipsius
647 2616 899 2697 multiplicationis
916 2618 1036 2678 nomine
1052 2633 1111 2676 uno

143 2704 240 2762 miuus
256 2701 482 2763 intermissionis
497 2701 641 2762 vocabulo
657 2710 862 2780 procreantur.
908 2702 981 2764 Nam
1003 2699 1111 2780 duplus

211 2975 226 3022 3
246 2971 273 3021 id
292 2977 334 3023 est
352 2973 523 3038 quaternarii
542 2989 587 3023 ont.
607 2972 638 3030 l.;
657 2987 738 3038 supra
755 2989 852 3022 versum
869 2974 896 3024 b.
952 2973 969 3020 4
987 2972 1113 3035 Itemque

145 3056 174 3102 n,
197 3040 228 3101 d;
261 3041 383 3105 itemque
405 3048 547 3092 correctum
568 3043 594 3090 in
617 3040 746 3104 idemque
770 3056 791 3089 r.
873 3035 1052 3106 iproeedit]
1079 3038 1114 3088 In

145 3108 206 3157 din
223 3112 335 3174 mdrpine
356 3111 480 3174 inferiore
504 3110 586 3158 additi
607 3116 665 3157 sunt
688 3110 784 3157 numeri
801 3109 833 3157 ab
857 3109 888 3157 ·I·
911 3124 989 3174 usque
1013 3109 1050 3157 ad
1071 3107 1112 3156 ·X·

144 3192 276 3242 eorumque
300 3180 381 3242 dupli,
407 3178 492 3240 tripli,
521 3178 669 3242 quadrupli,
699 3178 840 3241 quiroeupii;
872 3191 934 3241 quos
953 3177 1114 3240 praecedunt

142 3245 319 3362 {illim
339 3243 669 3364 {imiliteiuiffllm‘
704 3242 1005 3362 14liiseiItI10'0222'eci1o'ioM
1019 3248 1115 3363 eiiii]

144 3380 202 3431 eiai
221 3349 354 3445 asfaeiet
371 3397 392 3434 r.
408 3327 434 3445 qil
465 3348 640 3441 defensione,
661 3379 787 3430 deinoi
803 3388 896 3431 mutato
915 3395 937 3431 c.
1004 3381 1035 3429 15
1055 3379 1113 3429 ·111·

144 3463 167 3496 o.
240 3452 271 3499 16
295 3451 337 3499 ·Il·
360 3448 390 3511 d,
410 3448 477 3498 duos
495 3447 515 3500 f.
544 3445 555 3514 [Ι
583 3453 642 3497 ires
661 3447 680 3496 f.
751 3450 783 3497 21
807 3453 870 3499 octo
894 3447 919 3501 d.
989 3448 1023 3496 26
1047 3461 1114 3511 qus·

143 3520 204 3567 tuor
223 3533 246 3568 e.
316 3516 488 3579 utquisque
508 3516 527 3565 f.
557 3511 568 3581 ΙΙ
598 3515 794 3580 sexcuplum,
815 3516 833 3566 f.
864 3513 875 3581 ll
905 3531 954 3565 sex
973 3515 998 3567 d.
