2392 3922
382 151 475 202 mss.
494 150 646 201 ARITHM.
665 151 707 210 11,
727 153 769 201 34.
997 151 1056 215 131

93 337 211 398 quoque
231 320 349 390 ordine,
373 320 422 380 ubi
444 339 479 380 ex
503 320 558 380 ·Vl·
581 330 609 379 et
632 319 703 380 ·llll·
728 320 816 380 ethis
832 322 863 378 in
879 340 1057 383 suamsum·

91 421 169 464 marn
191 403 279 463 ducto
300 405 458 465 novenario
481 403 616 464 -xxxvl
639 405 727 473 liunt,
750 424 786 464 ex
808 406 968 465 continenti
993 408 1058 482 pari

91 490 208 548 senario
230 488 420 566 copulantur;
445 490 543 550 sexies
565 489 642 547 enim
663 506 713 547 sex
732 488 866 549 ·llXXVl·
886 490 1056 550 restituunt.

90 571 151 633 Nec
172 573 268 633 minus
289 574 318 632 in
342 574 467 633 eandem
489 573 633 631 rationem
651 573 729 631 cadit
751 591 786 632 ex
804 573 875 633 ·Xll·
894 583 923 632 et
940 573 1011 633 ·Xll·
1029 581 1059 633 et

89 655 135 717 his
152 657 234 717 ·llVl·
257 656 352 717 iactus
369 657 493 716 ·LXllll·
511 663 696 733 tetragonum
720 655 767 716 hic
788 658 865 716 enim
888 675 922 717 ex
939 666 1085 717 octona-s

89 742 135 800 rio
156 742 319 802 continenti
346 751 412 817 post
433 742 582 799 senarium
605 741 750 807 nescitum
772 742 863 801 octies
884 743 961 801 enim
983 742 1056 801 Vlll.

88 825 202 886 LXllll.
226 832 412 901 tetragonum
436 827 569 899 iungunt.
609 824 644 883 Et
665 827 693 884 in
716 824 779 885 aliis
810 843 928 905 quoque
951 843 1058 887 secun·

89 909 160 968 dum
177 908 305 969 eundem
328 909 463 977 modum,
484 911 509 967 si
530 909 608 969 idem
630 910 734 978 iacias,
759 911 883 970 rationis
903 910 976 970 ordo
998 927 1059 970 non

84 993 246 1071 discrepat.

88 1216 172 1284 Quod
191 1231 230 1271 ex
252 1217 404 1287 quadratis
426 1222 453 1270 et
469 1222 558 1286 porte
580 1219 676 1272 altera
697 1219 874 1290 loupioribuc
891 1221 981 1275 omnis
993 1217 1058 1289 sor·
1071 1227 1097 1266 1⁰

375 1318 488 1356 marum
514 1304 590 1357 ratio
618 1305 767 1358 consistat.

152 1446 293 1508 XXXllll
312 1444 388 1508 lllud
405 1465 489 1517 vero,
508 1447 586 1525 quod
602 1466 638 1507 ex
654 1449 700 1509 his
716 1448 832 1509 duobus
848 1458 907 1511 tota
923 1450 1056 1511 omnium

23 1580 26 1585 .
86 1532 250 1593 formarum
272 1530 388 1591 videtur
409 1541 473 1592 orta
497 1530 637 1610 prolatio,
666 1550 724 1593 non
748 1535 863 1594 minore
886 1535 1055 1595 considera·
1080 1595 1083 1600 ,

86 1617 167 1679 tione
182 1615 343 1679 notandum
360 1623 412 1677 est.
450 1615 583 1694 Namque
599 1616 753 1695 trianguli,
777 1620 827 1698 qni
842 1627 963 1679 cunctas
985 1618 1056 1678 alias

86 1701 213 1771 formas,
234 1702 311 1761 sicut
325 1701 462 1778 superius
478 1700 647 1771 docuimus,
671 1701 788 1762 collecti
803 1703 985 1781 producunt,
1008 1702 1054 1762 his
1068 1715 1093 1753 1⁵

86 1786 194 1847 iunctis
221 1783 300 1844 velut
321 1803 357 1844 ex
378 1783 551 1862 quibusdam
569 1782 721 1846 clementis
737 1789 883 1848 oriuntur.
919 1786 1054 1863 Namque

87 1888 123 1930 ex
138 1887 198 1930 uno
213 1871 311 1947 primo
327 1875 482 1946 tetragono
499 1877 528 1929 ct
543 1868 656 1928 binario
671 1871 768 1946 primo
782 1878 866 1946 parte
882 1868 973 1929 altera
989 1869 1054 1928 lon·

86 1955 169 2032 glore
186 1953 333 2013 ternarius
348 1950 512 2029 triangulus
528 1950 691 2031 copulatur,
709 1962 738 2012 et
754 1972 789 2013 ex
805 1952 920 2013 binario
937 1960 966 2011 et
981 1969 1053 2028 qua-

85 2039 234 2105 ternario,
257 2037 286 2097 id
297 2046 352 2100 ¹est
367 2055 402 2096 ex
418 2035 547 2096 secundo
568 2043 723 2113 tetragono
739 2041 875 2096 senarius
891 2035 1054 2112 triangulus

84 2128 271 2201 procreatur.
308 2121 350 2180 Ex
370 2122 560 2199 quaternario
581 2138 699 2198 quoqne
725 2129 754 2180 et
774 2122 892 2180 senario
914 2120 1055 2180 denarius
1067 2133 1093 2176 ao

85 2206 254 2284 triangulus
274 2206 418 2275 nascitur,
441 2212 470 2264 et
491 2204 527 2264 ad
543 2203 670 2264 eundem
687 2205 823 2265 ordinem
840 2212 945 2264 cuncta
962 2203 1052 2264 trian-

38 2333 44 2338 -
86 2288 225 2368 gulorum
242 2291 316 2350 ratio
333 2288 486 2350 constabit.
517 2289 718 2366 Disponantur
735 2291 813 2350 enim
829 2289 993 2350 alternatim
1010 2290 1054 2347 in·

84 2385 131 2434 ter
159 2393 191 2434 se
218 2376 364 2450 tetragoni
391 2382 518 2452 otperto
539 2372 630 2434 altera
653 2372 817 2452 longiores,
836 2377 886 2452 qui
902 2382 934 2435 ut
949 2372 1055 2434 melius

83 2465 332 2538 pernotarentur,
349 2461 432 2536 prius
447 2461 478 2518 in
495 2457 610 2518 dnobus
627 2477 677 2519 eos
692 2459 826 2520 versibus
845 2460 1052 2539 disposuimus.

82 2542 155 2605 Post
169 2549 268 2603 autem
285 2543 403 2604 eosdem
419 2543 647 2621 permiscuimus
661 2551 706 2613 et,
729 2548 779 2624 qui
796 2545 901 2605 exinde
915 2543 1054 2622 trianguli
1067 2557 1092 2597 2⁵

84 2634 295 2698 nascerentur,
317 2626 538 2706 adscripsimus,

154 2864 167 2910 1
186 2862 281 2913 ordine
295 2878 401 2929 quoque
414 2880 438 2922 a,
453 2880 473 2913 r.
497 2860 509 2929 ll
532 2865 642 2913 senario
661 2870 689 2913 et
706 2863 873 2914 duodenario
891 2863 922 2920 d;
942 2865 1053 2914 senario

83 2934 112 2981 et
131 2930 200 2980 -ΧΠ·
220 2947 241 2993 r,
260 2947 282 2984 s.
351 2935 367 2982 3
386 2932 490 2982 senarii
510 2947 532 2980 c.
555 2928 567 2996 ΙΙ
588 2947 637 2981 sex
656 2933 729 2980 enim
747 2932 839 2981 sexies
859 2949 888 2993 c,
908 2931 934 2994 d,
954 2933 974 2994 f,
992 2931 1009 2992 l,
1031 2947 1053 2984 r.

81 2998 220 3048 scedent
238 3013 267 3059 e,
285 3001 317 3061 b,
338 3015 366 3061 c,
390 3000 415 3060 f,
435 3000 458 3056 l,
477 3014 502 3056 r,
528 2998 610 3049 cedei
633 3014 654 3050 s.
776 2999 860 3049 oLx
884 3002 1015 3062 quattuor
1033 2999 1052 3047 f.

83 3065 257 3115 ernnrr
275 3066 294 3115 f.
383 3069 414 3117 10
433 3068 557 3130 Inscript.
576 3082 623 3117 om.
643 3081 668 3128 c,
682 3066 707 3116 d,
796 3068 826 3115 11
847 3066 974 3116 consistit
993 3067 1012 3126 f,
1032 3082 1052 3115 r.

83 3133 300 3184 12XXXI11.1.
322 3130 335 3200 ΙΙ
357 3131 436 3268 verod
457 3148 565 3198 quoque
584 3149 607 3182 c.
696 3136 727 3184 18
750 3138 911 3198 procreatur
930 3141 955 3183 et
971 3149 1054 3198 supra

82 3217 180 3251 versum
197 3201 209 3251 l
228 3200 374 3266 copulatur
386 3202 411 3251 d.
448 3202 494 3252 vel
512 3201 689 3265 quaternario
704 3217 730 3264 a,
743 3202 771 3264 b,
784 3201 810 3263 d,
823 3201 841 3257 l,
855 3217 876 3265 r,
890 3217 910 3250 s.
945 3203 979 3250 20
991 3217 1053 3265 pro·

84 3266 205 3333 creatur]
227 3270 374 3333 copulatur
391 3270 417 3323 d.
502 3271 535 3317 ⁶22
553 3268 714 3318 alternatim
732 3285 777 3321 ors.
797 3284 818 3318 s.
842 3265 854 3334 ΙΙ
877 3263 961 3334 inter]
981 3269 1011 3318 in
1030 3283 1053 3316 c.

82 3339 116 3387 24
153 3341 368 3387 raenotarentur
385 3339 416 3387 F.
440 3333 453 3403 ΙΙ
476 3351 523 3387 eos
540 3336 569 3385 in
587 3334 692 3385 duobus
712 3352 734 3398 c,
749 3351 771 3385 s.
841 3338 875 3386 25
892 3336 1052 3385 miscuimus

82 3420 103 3522 pi
128 3352 223 3471 ΙΓῳιί]
245 3405 341 3469 quini.
411 3407 444 3455 26
463 3404 659 3476 descripsimus
679 3419 702 3466 c,
717 3405 736 3463 f,
752 3403 826 3466 s,F;
845 3419 896 3456 sec.
914 3419 988 3453 manu
1006 3405 1053 3453 ad-

102 3473 163 3522 itum
178 3489 199 3522 r.

862 3554 906 3618 (δὴ
