2392 3922
422 148 514 200 nisu.
532 147 686 200 ARITHM.
705 147 733 210 1,
753 151 775 198 1.
1045 148 1082 210 11

109 320 295 382 nominativa
320 320 407 379 sunt?
452 319 489 379 tt
508 335 579 378 vero
602 317 628 375 si
648 316 823 394 quadratum
844 317 1084 398 triangulumque

111 403 272 466 sustuleris
301 405 456 481 omnisque
486 401 649 480 geometria
679 410 851 481 consumpta
880 403 933 470 sit,
964 411 1025 464 tres
1056 412 1085 463 et

107 496 256 566 quattuor
276 485 461 566 aliorumque
481 503 676 546 numerorum
698 484 838 545 vocabula
859 504 918 546 nou
933 487 1083 567 peribunt.

115 573 230 634 Rursus
245 590 313 632 cum
329 571 458 650 aliquam
474 571 688 648 geometricam
704 571 828 629 formam
844 570 960 642 dixero,
983 582 1027 634 est
1042 572 1084 634 illi

112 657 206 717 simul
230 673 426 717 numerorum
453 671 564 714 nomen
584 653 765 733 inplicitum
793 671 860 714 cum
881 672 1020 716 numeros
1040 657 1110 717 di-5

110 759 197 811 uero,
215 740 348 801 nondum
364 738 455 800 ullam
472 737 596 800 sormam
612 740 824 818 geometricam
840 739 997 798 nominavi.
1020 741 1084 801 hlu-

107 827 176 887 sica
197 842 267 886 vero
290 841 379 901 quam
401 824 484 901 prior
509 824 547 883 sit
567 841 762 884 numerorum
784 824 840 892 vis,
868 823 939 882 hinc
959 825 1084 884 maxime
1134 888 1136 892 ,

109 909 238 988 probari
259 915 372 986 potest,
400 907 476 983 quod
498 924 556 966 non
578 907 667 968 modo
688 906 737 968 illa
759 909 862 968 natura
884 910 983 987 priora
1008 916 1084 975 sunt,

118 1010 196 1070 quae
211 1009 265 1071 per
281 1010 312 1051 se
329 999 475 1061 constant,
494 1008 582 1068 quam
598 990 661 1061 illa,
681 1010 757 1070 quae
772 992 809 1052 ad
825 991 935 1070 aliquid
951 992 1085 1053 referun-

112 1084 176 1136 tur.
222 1075 279 1137 Sed
305 1076 390 1135 etiam
417 1093 449 1135 ea
476 1077 538 1155 ipsa
564 1078 676 1137 musica
703 1074 864 1137 modulatio
891 1094 1085 1137 numerorum
1101 1097 1124 1136 ιο

115 1159 287 1221 nominibus
303 1158 473 1229 adnotatur,
492 1168 521 1220 et
537 1161 615 1221 idem
630 1164 660 1220 in
677 1161 732 1221 hae
748 1163 867 1222 evenire
880 1171 987 1240 potest,
1005 1160 1084 1240 quod

114 1246 144 1304 in
166 1245 327 1322 geometria
353 1244 538 1323 praedictum
560 1253 613 1304 est,
663 1245 850 1306 Diatessarou
873 1247 952 1306 enim
973 1255 1001 1307 et
1023 1244 1084 1306 dia·

106 1337 203 1408 pente
219 1336 249 1388 et
264 1327 404 1407 diapason
421 1327 457 1388 ab
474 1330 675 1389 antecedentis
690 1330 807 1391 numeri
822 1329 992 1391 nominibus
1007 1348 1083 1390 nun·

105 1422 269 1491 ‘cupantun
315 1412 450 1492 Ipsorum
480 1431 598 1492 quoque
625 1430 766 1475 sonorum
794 1413 936 1475 adversus
961 1433 992 1474 se
1014 1432 1083 1494 pro·

107 1499 212 1577 portio
243 1496 312 1558 solis
342 1515 438 1575 neque
468 1496 533 1557 aliis
562 1499 694 1559 numeris
720 1499 877 1560 invenitur.
922 1497 977 1567 Qui
1005 1501 1082 1559 enim
1098 1517 1122 1555 15

108 1599 205 1643 sonus
226 1583 257 1640 in
273 1581 415 1660 diapason
430 1582 606 1661 symphonia
633 1591 690 1654 est,
717 1582 796 1644 idem
818 1583 942 1662 duplicis
968 1588 1083 1644 numeri

114 1668 308 1746 proportione
335 1665 498 1744 colligitur;
530 1685 606 1744 quae
635 1667 818 1728 diatessaron
840 1677 885 1728 est
912 1666 1081 1734 modulatio,

107 1752 231 1830 ¹epitrita
258 1749 424 1819 conlatione
445 1753 649 1829 componitur;
676 1770 763 1830 quam
785 1751 922 1831 diapente
944 1752 1083 1830 sympho-

113 1836 195 1894 niam
209 1843 329 1901 vncant‚
349 1833 487 1893 hemiolia
502 1835 661 1896 medietate
677 1837 881 1912 coniungitur;
905 1838 956 1912 qui
975 1839 1004 1895 in
1028 1853 1083 1894 nu·

114 1917 206 1977 meris
222 1915 372 1994 epogdous
388 1925 445 1985 est,
467 1917 545 1976 idem
560 1926 649 1978 tonus
662 1920 694 1978 in
710 1920 836 1985 musica,
861 1927 890 1979 et
909 1936 947 1978 ne
969 1916 1123 1994 singulam

109 2001 255 2082 persequi
276 1997 424 2068 laborem,
453 1999 541 2059 huius
565 2002 663 2078 operis
684 2004 850 2078 sequentia,
872 2008 981 2077 quanto
1003 2001 1085 2079 prior

113 2087 152 2145 sit
166 2083 354 2146 arithmetica
376 2085 441 2144 sine
461 2083 520 2144 ulla
536 2083 718 2146 dubitatione
734 2085 920 2167 monstrabit.
965 2085 1085 2163 Spheri-

115 2187 181 2230 cam
197 2187 267 2230 vero
283 2177 371 2246 atque
387 2169 598 2229 astronomiam
613 2175 695 2229 tanto
711 2169 871 2248 praecedit,
888 2178 998 2247 quanto
1010 2169 1085 2230 duae

110 2253 246 2332 reliquae
268 2252 440 2332 disciplinae
460 2253 537 2313 hanc
554 2253 672 2315 tertiam
688 2261 793 2314 natura
814 2253 1004 2333 praecedunt.
1050 2253 1084 2314 ln

114 2339 293 2399 astronomia
314 2339 393 2397 enim
415 2336 534 2406 circuli,
562 2339 685 2418 sphera,
708 2346 860 2407 centrum,
889 2337 1083 2417 parallelique
1097 2356 1121 2394 ss

109 2422 219 2483 circuli
233 2422 408 2500 mediusque
423 2424 485 2482 axis
501 2429 555 2490 est,
575 2440 651 2501 quae
667 2424 766 2483 omnia
783 2425 979 2501 geometricae
996 2423 1082 2484 disci-

114 2505 213 2586 plinae
229 2524 319 2568 curae
333 2513 411 2567 sunt.
457 2506 556 2578 Quare
577 2513 621 2567 est
637 2509 722 2568 etiam
739 2526 774 2568 ex
790 2507 847 2567 hoc
863 2507 1021 2569 ostendere
1037 2526 1082 2568 se-

110 2593 228 2652 niorem
257 2591 438 2669 geometriae
468 2592 539 2659 vim,
582 2592 660 2669 quod
690 2593 787 2652 omnis
816 2601 914 2652 motus
944 2601 988 2652 est
1017 2601 1084 2671 post

110 2678 244 2752 quietem
260 2683 289 2736 et
304 2683 409 2736 natura
425 2693 543 2754 semper
558 2677 643 2736 statio
662 2678 745 2756 prior
761 2683 819 2745 est,
841 2674 995 2737 mobilium
1011 2695 1082 2736 vero

181 2864 196 2911 2
215 2862 387 2925 geometrica
406 2877 437 2924 a,
456 2876 484 2922 c,
503 2859 533 2924 d,
553 2876 581 2921 s;
600 2864 627 2910 in
643 2860 682 2911 lc
698 2876 793 2911 rasura
810 2857 952 2927 deletumfl
969 2862 1035 2912 ·111·
1055 2866 1083 2911 et

113 2928 356 2992 ·1111-a,0,1‚s.
409 2931 498 2980 3non
516 2928 844 2993 peribuntvocabulcc.
899 2930 1037 2978 drursum
1056 2945 1081 2989 a,

109 3012 142 3060 c,
166 2996 186 3045 f.
258 2998 290 3047 10
308 2995 459 3046 modulatio
477 2996 583 3047 musica
606 2996 625 3046 f.
697 2999 728 3045 12
747 2998 918 3061 geometrica
942 3012 972 3057 a,
999 3012 1028 3060 c,
1051 2996 1082 3056 d;

109 3064 267 3129 geometris
285 3066 311 3112 in
329 3065 407 3113 litura
424 3064 448 3125 l;
467 3067 493 3113 in
511 3079 524 3114 s
543 3080 558 3115 c
576 3079 671 3114 rasura
689 3066 808 3113 deletum.
865 3066 896 3114 13
915 3063 1083 3113 anteceden-

109 3130 188 3181 tibus
207 3147 236 3193 ο,
255 3146 276 3179 r.
330 3133 366 3182 17·
379 3132 522 3264 proportio
541 3147 567 3181 c.
621 3132 652 3180 18
671 3130 870 3192 modulatione,
888 3147 969 3196 supra
987 3146 1083 3181 versum

107 3197 302 3249 {conlatione
321 3213 342 3250 r.
371 3195 376 3264 Ι
413 3201 580 3264 componito
602 3194 614 3264 Η
637 3199 800 3264 symphonia
818 3200 1045 3249 mrururadeleto
1058 3213 1082 3246 c.

113 3268 145 3316 19
163 3266 306 3330 coniungit
324 3281 348 3316 c.
401 3269 434 3317 20
452 3266 592 3332 apogdous
612 3282 635 3315 c.
692 3268 725 3318 23
744 3267 956 3316 astronomicam
976 3281 1001 3326 a,
1021 3266 1040 3327 f,
1060 3265 1082 3324 l;

109 3334 138 3382 in
155 3333 172 3382 d
190 3350 207 3384 c
223 3348 319 3383 rasura
336 3335 452 3384 deletum.
522 3336 555 3384 27
580 3348 646 3384 eura
671 3349 701 3397 a,
723 3333 756 3396 b,
779 3348 807 3395 c,
825 3348 850 3392 r,
875 3346 896 3381 s.
966 3334 998 3382 28
1019 3347 1083 3395 geo·

112 3401 291 3463 matrimes,
306 3400 335 3463 d,
350 3401 373 3464 l,
387 3418 413 3465 r,
427 3416 450 3452 s.
519 3403 552 3452 29
570 3407 646 3452 statu
665 3416 690 3463 a,
710 3415 790 3463 supra
803 3413 899 3449 uersum
911 3415 934 3451 s.
953 3403 1027 3447 motu
1040 3398 1057 3447 b
1070 3397 1083 3459 ll

106 3476 171 3532 port
190 3473 233 3519 est
250 3470 324 3519 addit
340 3474 416 3520 motu
433 3485 455 3520 s.
