2392 3922
194 162 216 224 2

468 163 647 216 NOTARUM
664 166 897 220 EXPLIOATIO.

197 335 254 381 f:
268 333 355 383 codex
366 334 544 384 Monacensis
558 336 642 386 18480
661 332 808 400 (Tegerns.
821 338 883 403 480)
903 353 976 393 saec.
990 340 1039 390 XI.
1060 346 1087 391 et
1105 343 1168 407 pul-

268 419 401 469 cherrime
425 421 545 484 scriptus
571 424 599 469 11
624 419 844 485 diligentissime.
885 423 967 473 Multi
996 430 1090 476 tamen
1113 427 1169 477 loci

270 507 376 553 tantum
390 520 407 554 a
424 505 591 568 reliquorum
610 504 735 556 codicum
755 520 891 556 consensu
904 508 1051 574 recedunt,
1071 515 1169 561 utnon

264 604 332 639 vera
354 590 447 639 Boetii
471 591 557 640 verba
581 589 629 639 sed
648 590 793 654 scriptoris
816 606 870 640 non
895 593 1017 656 imperiti
1041 596 1169 659 cogitata

263 673 378 738 prodere
396 673 553 724 videantur.
589 675 710 725 Maxime
729 674 827 724 similis
846 681 889 726 est
908 677 997 728 codici
1016 679 1042 728 d.

196 757 251 806 l=
266 759 352 808 codex
375 758 554 809 Monacensis
578 759 659 810 14601
684 757 802 822 (Ratisb.
821 761 908 810 Emm.
931 763 969 825 F,
988 762 1065 824 CIV)
1090 780 1166 815 saec.

263 843 327 893 XII.
364 843 454 892 Huius
474 842 579 893 codicis
596 843 626 891 in
644 841 715 892 libro
738 844 830 908 priore
855 849 934 895 tanta
953 851 996 896 est
1014 846 1168 898 similitudo

264 942 325 977 cum
344 927 374 991 d,
394 933 425 976 11
443 927 598 993 descriptus
617 942 652 977 ex
670 943 702 977 eo
715 928 803 992 possit
815 928 917 992 videri,
938 932 1038 996 quippe
1052 933 1100 995 qui
1120 934 1166 983 vel

263 1013 292 1061 in
317 1015 474 1062 contextum
497 1013 650 1078 receperit,
673 1027 744 1077 quae
768 1013 798 1061 in
821 1012 838 1061 d
862 1019 991 1064 correcta
1015 1020 1107 1077 erant;
1136 1016 1166 1065 in

264 1096 351 1146 altero
370 1101 464 1146 tamen
481 1096 553 1146 libro
572 1096 657 1147 multo
677 1095 794 1147 similior
813 1100 856 1147 est
874 1096 963 1147 codici
981 1099 1009 1148 b.

195 1199 251 1231 r=
264 1182 350 1232 codex
368 1182 543 1231 Monacensis
562 1183 629 1232 3517
648 1180 729 1247 (Aug.
749 1182 801 1235 civ,
824 1181 866 1244 1⁷)
891 1197 965 1231 saec.
984 1183 1103 1233 ΙΧ-Χ.
1124 1186 1167 1232 ni·

263 1265 321 1316 tide
348 1267 476 1331 scriptus.
520 1265 610 1316 Maior
638 1270 730 1316 autem
759 1265 954 1316 arithmeticae
985 1269 1106 1332 cognitio
1137 1271 1166 1318 in

264 1352 397 1416 scriptore
417 1356 477 1401 erat
496 1365 577 1414 quam
596 1350 745 1415 diligentia
763 1351 792 1400 in
810 1351 914 1400 litteris
931 1351 1093 1417 pingendis,
1112 1354 1167 1402 nisi

265 1437 337 1486 11111
356 1435 429 1486 allus
448 1451 578 1486 recensor
597 1436 670 1486 alius
689 1436 782 1485 scriba
801 1437 892 1500 operis
912 1436 973 1486 1111.
1004 1437 1098 1487 Codex
1110 1453 1166 1488 non

263 1521 349 1571 multo
376 1525 538 1586 postquam
558 1521 757 1585 eratscriptus
780 1523 950 1570 retractatus
973 1524 1002 1571 et
1024 1526 1167 1571 correctus

262 1607 464 1657 videturesse.
501 1604 604 1655 Similis
624 1610 666 1655 est
684 1605 774 1655 codici
799 1620 813 1654 c
839 1609 867 1654 et
886 1621 921 1654 ex
937 1612 1018 1670 parte
1037 1606 1121 1656 etiam
1140 1622 1165 1655 a·

264 1690 352 1742 Tituli
371 1691 494 1755 capitum
511 1688 576 1739 libri
595 1690 710 1740 secundi
723 1689 828 1740 similes
844 1694 909 1738 sunt
921 1689 1012 1739 titulis
1026 1690 1131 1740 codicis
1145 1691 1165 1742 1.

263 1774 411 1826 Nonnullis
429 1774 499 1824 locis
517 1773 707 1824 additamenta
725 1776 754 1822 in
772 1790 804 1823 eo
824 1778 888 1823 sunt
906 1775 1052 1838 superflua.

196 1878 208 1912 s
221 1880 256 1906 =
269 1859 355 1911 codex
368 1860 546 1910 Monacensis
564 1859 632 1909 6405
645 1857 717 1920 (cod.
730 1858 800 1910 Fris.
814 1859 874 1920 206)
893 1873 914 1909 s.
929 1859 978 1908 XI.
997 1858 1165 1908 nitidissime

265 1946 394 2010 scriptus.
431 1944 538 1996 Ultima
557 1946 650 1993 tamen
669 1941 739 1993 folia
757 1946 785 1993 et
807 1944 908 1993 vermis
933 1948 961 1993 11
987 1958 1053 1993 usus
1072 1944 1168 2007 aliqua

264 2047 298 2080 ex
315 2035 395 2094 parte
414 2029 507 2079 laesit.
539 2027 628 2078 Multa
647 2043 718 2093 quae
730 2028 813 2078 rubro
827 2027 918 2078 colore
932 2028 1073 2093 descripta
1087 2032 1168 2077 erant

262 2116 309 2167 vel
327 2113 478 2180 pallidiora
498 2113 576 2164 facta
594 2117 659 2163 sunt
676 2111 722 2163 vel
741 2117 920 2163 evanuerunt.
950 2113 1071 2162 Maxime
1090 2112 1166 2161 simi·

263 2200 298 2248 lis
322 2203 365 2248 est
387 2197 477 2247 codici
500 2214 518 2247 a
539 2213 591 2248 nec
616 2202 710 2247 tamen
735 2195 879 2246 admodum
903 2195 1012 2246 similis.
1053 2195 1168 2260 Aliquot

263 2282 335 2333 locis
353 2281 532 2333 inveniuntur
550 2294 622 2344 quac
641 2281 675 2331 de
694 2294 743 2330 suc
762 2282 824 2344 quis
843 2280 958 2332 addidit.

196 2368 473 2430 F=Fragmentum‚
502 2363 573 2428 quod
601 2380 635 2415 ex
663 2365 759 2416 codice
786 2365 892 2416 saeculi
919 2364 1057 2416 undecimi
1081 2364 1168 2414 edidit

265 2449 381 2500 Carolus
399 2448 565 2499 Fredericus
584 2448 686 2500 Weber
704 2448 839 2500 cassellis
857 2448 1097 2500 MDCCOXLVII.

246 2537 309 2586 Duc
338 2534 461 2584 codicum
489 2549 593 2600 genera
622 2538 652 2583 11
676 2534 819 2585 discernas
845 2533 945 2583 adduci
968 2537 1046 2599 potes
1072 2533 1166 2597 capite

198 2624 296 2685 quarto
316 2619 382 2669 libri
399 2619 513 2686 prioris,
532 2619 581 2668 ubi
599 2618 680 2669 alteri
694 2618 805 2668 codices
819 2617 861 2682 (a,
874 2617 904 2682 b)
918 2616 1106 2668 definitionem
1124 2617 1166 2665 in-

196 2707 274 2772 paris
293 2704 402 2754 numeri
419 2705 448 2753 in
467 2703 556 2755 medio
575 2705 679 2768 capite,
699 2702 782 2752 alteri
802 2701 839 2765 (c,
859 2701 883 2760 d,
903 2702 922 2763 1,
942 2702 960 2762 l,
980 2717 1002 2765 1,
1023 2699 1047 2765 s)
1066 2702 1094 2750 in
1112 2701 1166 2751 fine

197 2790 311 2843 habent.
348 2787 479 2839 Meliorcs
497 2789 635 2839 lectiones
654 2788 778 2853 repperis
801 2788 948 2836 maximam
967 2786 1122 2850 partemin
1141 2801 1167 2849 1,

197 2874 228 2939 d,

248 2875 273 2936 1,
292 2873 316 2937 l;
338 2873 386 2923 sed
405 2873 507 2923 adsunt
525 2872 659 2938 vestigia,
679 2885 751 2935 quae
770 2871 821 2920 hos
838 2869 937 2920 saltem
957 2870 1078 2932 codices,
1098 2884 1168 2935 quos

198 2973 249 3023 ego
270 2958 374 3008 contuli
394 2963 422 3007 11
441 2973 525 3023 snpra
543 2956 692 3023 descripsi,
717 2971 750 3006 ex
768 2970 822 3006 uno
842 2953 992 3019 eodemque
1011 2955 1088 3003 fonte
1106 2970 1167 3003 ma-

196 3057 280 3094 nasse
299 3042 450 3094 vcrisimile
468 3041 595 3094 reddant.

581 3293 781 3302 a———nn—
