2392 3922
409 704 781 787 PRAEFATIO.

198 1073 325 1157 Decem
347 1094 416 1157 fere
438 1094 558 1158 abhinc
580 1116 681 1160 annos
705 1103 737 1160 et
760 1097 933 1181 scriptores
957 1095 1075 1159 latinos

110 1197 297 1282 cognitmus
333 1205 364 1260 et
399 1197 446 1259 rci
479 1195 728 1261 mathematicae
760 1197 925 1262 studiosus
960 1197 1075 1262 Boetio

109 1301 201 1385 coepi
224 1321 356 1386 operam
379 1298 457 1361 dare
472 1320 531 1362 nec
546 1298 648 1364 multo
670 1309 743 1386 post
765 1300 871 1363 acrius
895 1301 930 1363 in
951 1299 1074 1364 mathe-

109 1403 230 1465 matica
251 1401 400 1488 inprimis
425 1401 494 1464 cius
518 1423 615 1487 opera
643 1400 854 1466 incumbendi
877 1412 990 1465 auctor
1012 1401 1075 1466 fuit

108 1503 189 1567 mihi
200 1502 398 1585 Halmius,
412 1502 454 1566 ad
467 1504 648 1568 accuratius
662 1503 919 1589 cognoscendam
931 1503 1075 1588 linguam
1107 1506 1112 1517 '

108 1605 241 1668 latinam
256 1604 332 1668 hinc
348 1627 475 1690 quoque
490 1605 728 1691 aliquantulum
738 1607 848 1670 afferri
863 1628 959 1691 posse
974 1615 1073 1670 ratus

108 1706 205 1770 Prius
220 1716 330 1769 tamen
339 1706 437 1770 rebus
448 1707 663 1771 arithmeticis
676 1708 791 1772 utilem
805 1707 949 1772 fructum
959 1709 1075 1772 afferro

110 1828 163 1868 me
186 1827 281 1891 posse
302 1809 434 1890 putavi,
464 1829 611 1892 quaeque
633 1809 824 1872 inveneram
846 1807 970 1892 publici
994 1809 1074 1872 iuris

109 1907 173 1971 feci
196 1905 307 1971 libello
331 1906 372 1970 de
394 1907 501 1971 Boetii
523 1909 701 1992 geometria
724 1908 858 1993 cdit01).
896 1909 1075 1995 Opiniones

107 2031 195 2073 meas
218 2030 393 2093 aggressus
416 2018 465 2073 est
488 2010 540 2073 vir
561 2010 769 2075 doctissimus
784 2010 958 2076 Mauritius
975 2011 1075 2076 Oan-

108 2112 200 2197 t0r2)
216 2133 332 2196 meque
347 2111 482 2197 inpulit,
507 2120 558 2194 ut,
584 2134 667 2198 quae
682 2114 789 2177 minus
804 2122 892 2177 recte
909 2112 950 2177 dc
965 2113 1073 2178 Boetii

108 2223 176 2277 arte
198 2213 415 2278 ratiocinandi
438 2223 470 2278 ct
493 2214 701 2301 computandi
723 2224 898 2299 statuerat,
922 2215 1073 2280 refellere

109 2337 244 2381 conarer
265 2318 466 2400 argumentis
496 2339 591 2403 quam
614 2319 757 2382 maxime
779 2319 919 2400 certisl).
965 2320 1071 2384 Pauca

108 2419 205 2481 etiarn
221 2416 263 2480 dc
279 2420 458 2503 geometria
473 2418 579 2483 Boetii
602 2419 768 2506 protuli4),
792 2420 908 2506 quibus
924 2443 943 2484 a
958 2421 1072 2487 Boctio

108 2542 178 2584 cam
200 2521 379 2608 profectam
401 2543 466 2586 non
489 2543 559 2586 esse
582 2522 836 2609 comprobarem.

151 2770 153 2776 '
194 2761 214 2827 ¹)
234 2764 359 2822 Gerbert,
373 2762 417 2812 die
430 2764 584 2815 Geometme
599 2762 647 2814 des
657 2763 790 2814 Boethius
803 2764 858 2813 und
871 2763 915 2813 die
928 2764 1072 2814 indischcn

107 2847 218 2898 Ziffern.
254 2847 408 2912 Erlangen,
428 2847 543 2912 Blasing
561 2850 636 2899 1861.

191 2931 212 2997 2)
231 2933 463 2984 Mathematische
477 2933 608 2997 Beitr'age
623 2949 684 2984 zum
697 2931 880 2984 Kulturleben
899 2933 947 2982 der
958 2933 1070 2991 Vtilker,

105 3016 200 3076 Halle,
221 3017 344 3068 Schmidt
364 3020 437 3069 1863.

190 3101 210 3164 ³)
230 3103 392 3154 Zeitschrift
409 3104 454 3153 fiir
465 3104 653 3154 Mathematik
665 3103 720 3153 und
733 3101 846 3166 Physik,
859 3104 907 3162 IX,
922 3102 948 3154 S.
962 3104 1070 3163 73—o5,

106 3189 253 3247 145-171,
272 3189 424 3238 ‘lor-330.
452 3191 491 3253 X,
511 3189 538 3239 S.
557 3190 710 3238 all-282.

189 3270 210 3334 4,)
228 3273 305 3323 Neue
317 3273 491 3325 Jahrbiicher
508 3273 553 3324 fiir
565 3272 719 3338 Philologie
737 3272 793 3322 unil
805 3271 975 3336 Padargogik.
995 3271 1069 3320 1863.

105 3357 131 3409 S.
154 3359 306 3410 425-427.
399 3377 403 3384 ·
