2392 3922
137 119 179 181 30
434 117 526 167 ruer.
545 117 697 168 xumuu.
717 117 758 174 11,
778 119 802 166 2.

971 191 978 218 Ι

138 362 182 417 De
207 360 375 416 inveniendo
397 362 426 413 in
449 373 618 430 utroquoque
641 373 759 412 nurnero
781 362 849 428 quot
875 342 1011 412 numeros
1032 362 1109 415 eius·

137 449 199 502 dem
225 447 424 515 proportionis
447 446 544 514 possit
567 444 746 513 praecedere
768 455 922 512 eorumque
950 442 1109 514 descriptio

405 530 664 598 descriptionisque
685 528 836 597 expositio.

202 675 238 735 ll.
262 676 314 736 Est
329 683 425 736 autem
443 675 586 753 quaedam
603 675 634 733 in
649 673 704 733 hac
720 690 753 732 re
768 671 915 750 profunda
928 678 957 732 et
973 673 1109 733 miranda

114 759 301 841 ⁵spcculatio
328 768 357 820 et
382 767 414 818 ut
442 761 481 818 ait
509 758 705 818 Nicomachus
727 763 931 816 enmusotaton
955 755 1109 818 theorema

139 846 297 925 proficiens
319 851 347 904 et
368 844 404 903 ad
424 842 603 903 Platonicam
628 843 657 900 in
673 843 793 901 Timaeo
810 841 924 901 animae
939 843 1109 916 generatio·

140 948 208 990 nem
225 928 305 988 etad
325 926 476 987 intervalla
499 928 667 986 armonicae
689 924 870 1005 discipliuae.
909 924 952 984 lbi
970 927 1049 985 enim
1064 927 1109 987 iu·

142 1015 247 1074 bemur
262 1012 428 1090 producere
454 1019 540 1088 atque
562 1010 723 1069 extendere
744 1019 805 1069 tres
825 1008 871 1068 vel
893 1016 1032 1088 quattuor
1047 1028 1107 1071 ses·

143 1096 292 1175 qualteros
314 1093 358 1154 vel
380 1093 524 1173 quotlibet
544 1095 745 1171 sesquitertias
768 1094 977 1172 proportiones
998 1101 1028 1153 ct
1049 1113 1110 1154 ses·

104 1197 128 1233 10
143 1183 312 1259 quiquartas
335 1179 572 1258 comparationes
600 1196 709 1257 easque
735 1177 897 1237 secundum
923 1179 1109 1256 propositum

143 1263 277 1323 ordinem
299 1280 387 1341 saepe
410 1264 563 1322 continuas
585 1263 722 1322 iubemur
744 1262 913 1322 extendere.
945 1260 988 1321 Ne
1009 1271 1111 1322 autem

143 1349 199 1406 hoc
214 1346 316 1407 labore
333 1346 474 1423 quodam,
492 1365 610 1426 semper
627 1347 744 1424 quidem
767 1347 909 1415 maximo,
926 1345 1112 1424 Frequentius

143 1433 264 1491 inferaci
290 1431 354 1499 siat,
383 1431 439 1490 hac
464 1431 550 1490 uobis
579 1433 693 1491 ratione
714 1433 743 1490 iu
766 1437 836 1508 quot
857 1430 988 1490 uumerIs
1009 1433 1112 1508 quanti

143 1518 257 1594 possint
273 1533 337 1574 esse
353 1514 635 1595 superparticulares
652 1516 854 1592 vestigandum
872 1521 923 1574 est.

105 1613 130 1651 15
208 1599 317 1659 Omnes
344 1601 421 1659 enim
448 1598 626 1676 multiplices
651 1608 798 1659 tantarum
826 1597 964 1658 similium
994 1597 1114 1659 sibimet

143 1685 369 1763 proportionum
386 1685 536 1762 principes
552 1691 651 1754 erunt,
675 1692 765 1762 quoto
790 1683 846 1760 ipsi
865 1679 930 1742 loco
947 1683 983 1742 ab
1001 1684 1113 1742 unitate

145 1769 343 1829 discesserint.
376 1766 459 1836 Quod
475 1775 572 1827 autern
589 1768 655 1828 dico
672 1768 790 1828 sibimet
805 1765 959 1836 similium,
982 1765 1040 1827 tale
1057 1777 1111 1836 est,

145 1861 176 1913 ut
192 1851 273 1930 dupli
288 1870 406 1931 semper
421 1851 637 1929 multiplicitas,
656 1860 687 1912 ut
707 1852 843 1929 superius
859 1851 1038 1912 destinatum
1056 1859 1110 1921 est,

145 1936 343 2016 sesqualteros
359 1944 439 1997 creet
455 1945 483 1996 et
499 1936 557 1997 dux
573 1938 609 1996 sit
623 1936 729 2014 triplex
747 1935 1021 2013 sesquitertiorum,
1039 1954 1112 2014 qua·

107 2034 131 2072 20
145 2021 269 2101 druplus
290 2022 512 2100 sesquiquartis.
544 2021 662 2082 Primus
684 2038 755 2097 ergo
778 2018 886 2097 duplex
908 2037 999 2080 unum
1016 2019 1113 2081 solum

145 2105 264 2166 habebit
280 2104 512 2184 sesqualterum,
535 2105 683 2165 secundus
705 2104 777 2173 duo,
801 2105 905 2163 tertius
920 2111 998 2173 tres,
1023 2121 1112 2180 quar-

146 2199 191 2251 tus
209 2199 348 2268 quattuor
365 2198 393 2250 et
408 2189 571 2249 secundum
588 2188 667 2247 hunc
683 2187 817 2247 ordinem
835 2185 936 2248 eadem
954 2189 986 2247 stt
1001 2188 1031 2247 in
1047 2189 1112 2247 inti-

144 2275 237 2333 nitum
253 2275 439 2352 progressio,
462 2290 558 2348 neque
580 2289 709 2348 unquam
737 2271 800 2331 fieri
820 2279 932 2349 potest,
955 2280 987 2332 ut
1002 2271 1048 2333 vel
1064 2292 1114 2332 su·

145 2364 230 2434 peret
255 2358 480 2435 proportionum
507 2373 664 2415 numerum
692 2354 736 2413 vel
763 2354 799 2414 ab
823 2374 857 2415 eo
875 2359 912 2416 sit
933 2356 1113 2416 deminutior

107 2453 132 2492 25
147 2439 309 2516 aequabilis
334 2440 369 2499 ab
398 2441 508 2499 unitate
533 2438 651 2498 locatio.
694 2439 812 2500 Primus
837 2458 908 2518 crgo
936 2439 1044 2519 duplex
1070 2450 1116 2502 est

146 2621 245 2673 solutio
266 2627 307 2672 est
327 2624 350 2685 l,
370 2639 394 2685 s3
416 2627 458 2672 est
476 2640 557 2687 supro
574 2639 671 2673 uersum
689 2624 707 2673 l.
780 2627 792 2672 1
816 2626 921 2674 'l'itutuur
940 2641 985 2675 orn.
1007 2641 1029 2682 c,
1045 2627 1069 2687 f;
1089 2630 1115 2674 in

145 2692 258 2754 morpiue
278 2690 302 2739 d.
328 2687 339 2755 ll
366 2690 525 2741 inveniendi
543 2707 564 2740 s.
588 2687 599 2756 ll
623 2692 651 2738 in
670 2709 715 2741 orn..
736 2692 765 2752 b,
787 2692 817 2755 d,
837 2692 855 2740 l.
879 2688 891 2757 ll
915 2707 981 2756 quos
1001 2709 1027 2754 a,
1048 2708 1072 2756 c,
1095 2693 1114 2754 f,

145 2774 171 2819 r,
192 2773 217 2818 ες
238 2757 309 2821 quod
329 2758 354 2809 d.
423 2760 438 2806 2
457 2758 544 2821 possit
561 2755 740 2823 praecedere]
762 2759 914 2823 praecedat
932 2774 953 2809 s.
1036 2759 1115 2810 ede-

146 2825 358 2888 scriptionisque
379 2825 513 2888 expositio
532 2842 578 2875 om.
598 2841 619 2875 s.
644 2822 655 2891 ll
680 2827 823 2890 dispositio
842 2828 868 2879 b.
924 2827 983 2893 triu
998 2827 1116 2876 enmusi-

147 2895 226 2941 taton
240 2908 270 2951 a3
291 2894 489 2953 enmusitaton,
511 2909 534 2955 c,
549 2893 573 2956 d,
588 2910 613 2951 s;
633 2895 662 2942 in
674 2910 754 2958 supru
766 2910 797 2943 en
810 2895 843 2954 ὃς
864 2910 898 2943 en
908 2897 1014 2944 musica
1027 2899 1075 2944 ton
1089 2910 1115 2955 r;

148 2955 404 3009 nutttcttatou
429 2960 447 3008 l.
479 2956 490 3024 ΙΙ
519 2966 624 3010 toreme
648 2963 677 3023 b3
710 2958 877 3012 eemretta
901 2961 919 3014 l.
1013 2964 1043 3010 11
1063 2961 1116 3011 hoc

147 3030 237 3075 autem
254 3042 276 3075 c.
348 3030 380 3076 13
399 3028 427 3075 in
445 3043 528 3081 orric.
601 3031 634 3078 14
651 3029 874 3093 investigandum
894 3045 924 3091 a,
944 3031 964 3090 f,
984 3045 1010 3090 sq
1030 3030 1116 3079 vesti—

147 3093 276 3158 gandum,
291 3097 380 3145 addito
392 3111 472 3158 supra
485 3112 582 3145 versum
594 3098 622 3144 in
635 3096 652 3158 l,
667 3111 687 3148 r.
741 3099 773 3146 18
786 3094 957 3161 distinctum]
974 3097 1077 3146 dietum
1092 3112 1117 3145 c.

148 3163 178 3208 19
199 3165 275 3210 creet
292 3177 373 3226 supro
390 3179 487 3213 versum
505 3179 525 3213 r.
550 3160 561 3228 ll
586 3167 672 3214 elom.
688 3163 712 3212 d.
737 3159 749 3229 ll
773 3163 874 3228 triplex
887 3166 924 3213 sit
936 3180 958 3216 r.
1013 3167 1045 3215 20
1059 3179 1116 3213 ses-

148 3228 354 3290 quiquartorum
374 3246 404 3294 εις
425 3232 608 3295 sesquiquarti
627 3246 655 3294 ες
680 3232 903 3295 sesquiquartus,
927 3247 959 3280 us
977 3233 1003 3280 in
1022 3232 1046 3280 is
1065 3248 1117 3280 rnu-

148 3302 214 3357 tcto‚
236 3311 263 3356 c,
284 3313 305 3346 r.
393 3301 425 3347 21
445 3299 496 3348 duo
519 3307 629 3351 correct.
652 3301 678 3347 in
702 3297 769 3347 duos
794 3314 825 3359 a;
846 3299 897 3348 ·II·
919 3315 941 3347 c.
966 3295 977 3363 ll
1005 3298 1071 3348 ·111-
1093 3314 1115 3348 c.

147 3364 178 3411 22
199 3363 270 3412 ·IIII·
291 3380 314 3413 c.
339 3361 350 3430 ll
374 3368 411 3414 sit
430 3382 454 3430 a,
474 3367 498 3424 b,
520 3382 543 3426 c,
563 3366 582 3417 f.
605 3362 617 3430 ll
641 3364 778 3415 infinitam
798 3381 821 3416 c.
892 3368 1071 3415 24u11merus
1092 3382 1116 3417 a.

147 3432 180 3480 25
200 3430 300 3495 duplus
319 3433 340 3486 f.
909 3464 912 3468 ⁴
