2392 3922
144 120 187 184 44
445 122 535 174 msc.
555 119 708 173 umbem
728 120 756 183 1,
775 121 816 170 eo.

144 293 280 368 vestiges.
312 291 408 352 Ponus
423 293 501 352 enim
520 292 551 352 ·l·
568 289 682 365 licebit,
699 298 728 350 et
742 298 809 369 post
823 288 904 349 huuc
921 289 965 349 ·ll·
983 296 1013 350 et
1029 288 1117 360 ·llIl·,

144 377 196 456 qui
225 378 255 436 in
285 378 485 456 septenarium
516 374 713 437 cumulantur.
764 373 821 435 Sed
851 373 889 433 de
917 373 976 433 hoc
1002 373 1117 436 dudum

146 462 253 521 exstitit
269 459 405 521 -llXVlIl
422 462 573 541 perlectus
592 477 744 521 numerus.
789 458 864 518 Huic
883 460 973 536 igitur
995 461 1047 537 qui
1069 478 1116 521 se·

144 545 244 624 quitur
258 547 372 626 puriter
386 564 441 625 pur
456 545 486 607 id
504 554 549 608 est
565 544 663 614 ·Vlll·‚
688 545 842 605 continens
859 544 998 622 iungatur
1013 561 1117 606 acces·

118 629 203 699 osio,
226 632 276 707 qui
297 629 449 710 prioribus
470 632 681 711 superveniens
704 629 772 690 ·XV·
795 629 939 689 restituet.
985 628 1045 688 Sed
1067 629 1116 690 bic

142 716 257 795 primus
273 722 302 775 et
317 717 532 795 incompositus
548 731 607 776 non
624 722 683 783 est,
707 712 797 774 habet
812 713 890 773 euim
905 715 1025 790 generis
1042 713 1115 774 alte·

142 801 205 860 rius
224 808 340 880 portem
362 819 452 880 super
472 798 566 868 illem,
591 816 667 878 quoe
689 805 733 858 est
752 814 769 858 a
790 817 823 859 se
836 798 899 877 ipsa
915 798 1115 868 denominato,

143 885 274 962 quintum
295 884 442 945 decimam
464 884 577 945 scilicet
600 885 751 944 unitatem.
801 882 887 943 Hunc
908 884 1011 959 igitur,
1040 901 1115 961 quo-

144 970 221 1029 niem
238 968 385 1029 secundus
402 974 446 1028 est
466 976 495 1028 et
516 969 712 1047 compositus,
744 968 906 1048 praeterito
931 975 960 1028 et
985 967 1115 1047 adiunge

104 1072 129 1111 10
143 1052 345 1133 superioribus
363 1053 561 1114 coutinentem
577 1054 689 1132 pariter
704 1069 807 1131 parem
828 1069 1001 1121 numerum,
1024 1052 1054 1112 id
1071 1060 1116 1113 est

144 1136 242 1207 ·XVI·‚
266 1139 315 1216 qui
337 1154 403 1197 cum
427 1136 495 1198 ·XV·
512 1138 644 1206 iunctus,
666 1154 758 1196 unum
782 1155 816 1196 ac
832 1137 951 1215 triginta
968 1137 1113 1198 conficiet.

143 1221 201 1282 Sed
217 1221 265 1281 hic
281 1221 396 1298 primus
411 1238 523 1282 rursus·
533 1231 563 1283 et
584 1223 795 1300 incompositus
817 1229 870 1281 est.
915 1221 1000 1281 Hunc
1020 1221 1116 1296 igitur

142 1323 208 1364 cum
231 1306 355 1365 extremi
377 1307 528 1385 adgregati
548 1324 663 1367 summu
685 1305 862 1383 multiplica,
885 1313 917 1366 ut
936 1305 1007 1365 flant
1026 1305 1115 1366 sede-

142 1389 202 1449 cies
227 1388 354 1459 mxxi,
382 1392 431 1470 qui
460 1390 682 1452 ccccxcvi·
705 1388 860 1469 explicent.
906 1389 987 1451 Haec
1012 1397 1114 1450 autem

103 1488 128 1530 15
142 1482 187 1533 est
205 1474 283 1534 intre
306 1473 502 1537 millenarium
519 1494 676 1537 numerum
692 1475 822 1553 perfecta
845 1483 874 1534 et
896 1475 956 1535 suis
976 1473 1115 1552 partibus

141 1575 235 1636 oeque
251 1561 458 1621 numerositas.
504 1560 596 1638 Igitur
612 1562 706 1640 prima
723 1561 819 1620 unitas
834 1561 940 1619 virtute
955 1567 1044 1638 atque
1060 1577 1114 1638 po·

140 1643 231 1703 tentia
243 1660 301 1702 oon
314 1643 401 1704 etiam
414 1652 481 1705 actu
493 1644 537 1707 vel
550 1662 640 1724 opere
653 1653 682 1705 et
694 1645 756 1723 ipsa
768 1645 900 1723 perlecta
913 1651 966 1704 est.
1000 1642 1075 1704 Nom
1088 1645 1113 1706 si

138 1727 266 1805 primam
282 1730 377 1809 ipsam
392 1747 548 1809 sumpsero
565 1730 601 1791 de
617 1731 770 1808 proposito
786 1728 891 1789 ordine
905 1746 1113 1800 numerorum,

140 1811 225 1872 vicleo
240 1813 367 1890 primam
383 1820 471 1892 atque
487 1816 729 1893 incompositam,
752 1831 840 1893 quam
857 1815 881 1874 si
897 1831 951 1892 per
968 1830 1000 1873 se
1017 1815 1113 1893 ipsam

208 1982 394 2049 liuventiges
412 1997 434 2036 s.
464 1979 476 2051 ll
503 1985 644 2047 Ponere,
664 2000 685 2035 s.
716 1981 728 2052 [l
756 1997 839 2033 unum
858 1981 878 2031 f.
908 1978 919 2047 ΙΙ
947 1981 1069 2045 liquebit
1088 1998 1112 2046 c,

137 2048 258 2113 liquebit
283 2059 425 2103 correctum
447 2053 474 2102 in
496 2052 594 2104 licebit
618 2068 643 2103 e.
679 2048 691 2118 [Ι
724 2051 776 2102 duo
799 2050 820 2102 f.
853 2046 865 2116 ΙΙ
900 2053 929 2100 et
946 2065 992 2100 om.
1011 2065 1039 2112 m
1067 2051 1114 2100 cui

139 2117 242 2168 adicies
255 2119 275 2170 f.
329 2122 344 2170 3
363 2117 504 2184 numerus]
526 2120 561 2169 In
579 2119 595 2168 d
613 2121 705 2169 addita
724 2127 763 2170 est
780 2119 806 2167 iu
822 2119 936 2181 margine
954 2117 1017 2168 boec
1026 2120 1113 2182 fipuro

524 2215 710 2360 Q

536 2324 711 2420 omne

599 2443 650 2490 VlI

135 2553 230 2619 iperi
250 2569 279 2615 a,
304 2554 379 2619 peris
398 2570 419 2608 r.
449 2551 461 2621 ll
491 2557 637 2607 continens
653 2558 787 2624 iungetur
809 2557 935 2608 accessio
953 2559 978 2607 in
996 2560 1112 2622 marpine

136 2623 229 2671 litteris
242 2623 339 2687 aliquot
350 2625 456 2672 resectis
470 2639 495 2683 a,
514 2626 540 2674 in
557 2631 679 2676 contemtu
697 2636 736 2677 ert
753 2628 830 2676 litura
847 2632 968 2691 quattuor
984 2640 1110 2677 uersuum.

135 2689 217 2752 bqui
234 2705 274 2739 om
292 2705 315 2739 c.
347 2685 359 2756 ΙΙ
386 2690 412 2739 Χ
431 2695 458 2741 et
480 2692 603 2756 quinque
622 2709 652 2755 e,
672 2709 697 2756 r;
717 2693 873 2758 quindecim
891 2694 917 2745 b.
946 2688 958 2758 ll
987 2694 1111 2743 restituit

136 2771 164 2815 e,
187 2756 216 2818 d,
236 2756 260 2816 f,
280 2772 307 2819 r,
329 2772 351 2807 s.
418 2760 432 2807 i
450 2759 510 2823 ipso
529 2760 548 2812 f.
603 2762 633 2810 11
653 2762 746 2812 XXX·
761 2778 784 2820 o,
798 2760 817 2810 f.
842 2757 854 2826 ll
878 2758 1008 2811 conficiat
1020 2775 1108 2810 eorre-

135 2830 199 2873 ctum
216 2825 242 2873 in
261 2823 392 2874 conficiet
405 2841 430 2875 a.
492 2829 523 2876 12
543 2828 616 2879 ,pmue
637 2829 656 2883 l.
691 2825 706 2896 l]
738 2843 833 2878 rursus
851 2844 897 2879 om.
917 2828 937 2878 f.
1009 2828 1041 2876 16
1060 2842 1110 2876 nu-

134 2887 300 2958 merositas]
330 2892 364 2941 In
387 2896 499 2960 margine
522 2896 649 2959 inferiore
673 2898 762 2947 addita
781 2903 820 2946 est
842 2899 869 2945 in
892 2895 908 2944 d
932 2895 995 2946 boec
1008 2897 1110 2960 fipura:

526 3023 706 3073 ccccxcv1

420 3089 803 3103 Ἢ-

427 3102 606 3201 Ql
626 3127 691 3175 vm
710 3109 713 3188 l
733 3097 807 3176 xvi

416 3187 508 3299 k
571 3226 662 3276 xxxi

134 3331 165 3380 17
183 3331 312 3381 nonium
330 3348 358 3394 a,
383 3334 414 3394 b,
439 3350 461 3389 c.
499 3330 510 3399 ll
544 3331 639 3402 opere]
664 3350 693 3386 re
717 3335 750 3398 b,
775 3334 799 3398 f,
823 3333 846 3396 l;
874 3351 904 3386 re
921 3344 1064 3386 correctum
1082 3339 1108 3387 in

133 3411 217 3462 opere
237 3413 266 3461 ας
297 3415 326 3451 re
346 3408 372 3452 et
388 3417 471 3466 supra
488 3418 586 3453 uersum
604 3417 656 3468 ope
674 3402 699 3452 d.
777 3404 808 3453 19
826 3403 942 3467 primum
961 3407 1046 3467 etque
1065 3405 1107 3453 in·

133 3467 355 3533 conpositum,
376 3468 404 3533 d,
423 3469 442 3519 l.
471 3467 489 3545 ll¹
512 3475 540 3520 et
557 3484 578 3519 s.
