2392 3922
339 126 431 178 lusu.
451 125 605 176 ARITHM.
622 123 649 183 1,
667 123 692 172 8.
711 125 735 172 9.

373 350 481 406 Diuisio
500 351 587 420 poris
602 350 722 402 numeri.

131 494 202 557 viii.
228 496 311 558 Paris
326 503 424 557 autem
441 495 560 555 numeri
575 493 690 572 species
705 500 774 553 sunt
789 498 856 553 tres.
888 492 939 554 Est
955 496 1033 555 enirn

64 598 140 650 una,
158 599 231 660 quae
247 581 354 643 dicitur
371 582 484 658 pariter
500 595 563 656 par,
580 576 635 637 aiia
652 594 721 636 vero
737 578 847 656 pariter
862 579 956 656 inpar,
972 589 1033 640 ter·

65 666 106 726 tia
122 665 266 745 inpariter
282 683 347 744 par.
378 664 416 724 Et
431 664 576 722 contraria
593 661 711 739 quidem
728 660 886 739 locumque
902 662 1033 724 obtinen-

64 752 104 811 tia
121 751 323 810 summitatum
338 747 475 808 videntur
491 765 554 808 esse
568 749 681 825 pariter
696 764 751 825 par
767 754 796 806 et
811 747 923 824 pariter
938 749 1032 826 inpar.
1048 764 1060 803 a

65 833 208 894 Medietas
224 840 324 894 autem
341 832 493 910 quaedam,
510 850 585 912 quae
596 837 794 909 utrorumque
809 831 975 910 participat,
993 841 1036 892 est

66 935 226 997 numerus,
244 918 295 995 qui
310 924 432 977 vocatur
446 917 586 996 inpariter
603 933 666 993 par.

163 1106 207 1161 De
221 1121 338 1162 numero
350 1109 467 1178 pariter
478 1111 552 1178 port
566 1111 684 1180 eiusque
696 1106 936 1179 proprietatibus.

128 1251 214 1312 vitii.
231 1253 347 1313 Pariter
362 1271 417 1332 par
433 1272 576 1315 numerus
591 1261 649 1322 est,
666 1255 716 1332 qui
728 1261 826 1331 potest
840 1256 869 1313 in
880 1253 939 1314 duo
952 1255 1031 1333 paria

63 1335 166 1406 dividi,
190 1339 311 1416 eiusque
333 1356 403 1417 pars
422 1339 452 1398 in
475 1338 528 1399 alia
551 1338 610 1398 duo
637 1340 717 1416 paria
740 1340 891 1416 partisque
912 1357 981 1418 pars
1003 1340 1032 1398 in
1048 1355 1073 1395 ro

62 1419 119 1481 alia
136 1421 194 1481 duo
209 1423 308 1501 paria,
332 1432 365 1484 ut
380 1423 436 1483 hoc
452 1425 560 1484 totiens
579 1423 642 1494 siat,
664 1423 830 1501 usquedum
847 1423 949 1484 divisio
964 1441 1032 1502 par-

65 1588 187 1650 ·LXliii·
211 1609 354 1653 numerus
382 1591 472 1652 habet
494 1593 680 1653 medietatem
708 1591 848 1662 -xxxn,
865 1591 913 1653 hic
935 1599 1032 1653 autem

63 1674 250 1737 medietatem
269 1675 370 1745 tivi,
387 1675 435 1736 irio
451 1695 520 1737 vero
539 1675 621 1736 ·Vlli·
639 1677 725 1737 Hunc
742 1694 859 1757 quoque
876 1684 1033 1753 quaterna·

63 1759 126 1817 rius
141 1759 172 1818 in
183 1777 276 1838 aequa
293 1762 434 1840 partitur,
452 1762 502 1840 qui
514 1761 620 1822 binarii
633 1760 741 1839 dupius
758 1768 817 1830 est;
834 1761 885 1821 sed
903 1761 1032 1822 binarius
1047 1777 1073 1818 rs

61 1843 185 1902 unitatis
200 1843 357 1904 medietate
374 1845 526 1912 dividitur,
544 1862 619 1921 quae
634 1847 731 1904 unitas
743 1845 916 1904 naturaliter
932 1848 1031 1923 singu·

63 1925 137 1985 laris
158 1943 218 1984 non
246 1927 352 2004 recipit
377 1930 547 1987 sectionem.
580 1927 655 1986 Huic
672 1945 796 1988 numero
822 1927 937 1987 videtur
958 1930 1033 1988 acei-

64 2008 152 2078 dere,
170 2016 202 2069 ut
222 2027 417 2089 quaecunque
441 2011 503 2071 eius
524 2011 613 2070 tuerit
633 2028 717 2088 pars,
740 2029 806 2071 cum
828 2013 948 2070 nomine
969 2013 1034 2089 ipso

64 2092 268 2173 vocabuloque
283 2094 395 2173 pariter
409 2113 462 2173 par
478 2096 658 2164 inveniatur;
680 2101 743 2157 tum
759 2096 846 2156 etiarn
863 2097 1034 2173 quantitate.

63 2178 121 2238 Sed
143 2178 210 2238 ideo
231 2176 306 2239 milri
328 2179 443 2240 videtur
458 2179 507 2240 hic
531 2197 673 2241 numerus
694 2182 805 2259 pariter
828 2198 884 2259 par
904 2189 1032 2254 vocatus,
1047 2199 1073 2240 ao

132 2338 145 2412 1
165 2341 349 2430 inscriptam.
368 2366 394 2414 d.
413 2367 472 2483 loir
485 2367 549 2416 hoec
566 2381 722 2417 aurocrorum
740 2369 874 2433 dispositio
892 2370 982 2420 addita
994 2378 1032 2421 est

450 2502 487 2551 11.

451 2569 501 2619 111.

449 2637 515 2686 1111.

206 2703 227 2752 1.
247 2704 283 2753 11.
302 2704 351 2756 111.
370 2704 436 2754 1111.
454 2704 486 2753 v.
504 2704 551 2754 vr.
571 2705 631 2755 vn.
648 2705 724 2757 vm.
743 2705 833 2759 urm.
852 2706 884 2755 u.

450 2839 510 2888 vn.

450 2907 526 2956 vm.

448 2974 537 3047 mm.

112 3106 204 3156 unii·
224 3124 249 3170 e,
269 3108 299 3173 b,
320 3125 349 3171 c,
369 3109 394 3174 l,
414 3126 440 3174 r,
461 3126 481 3160 s.
535 3113 552 3160 4
571 3110 740 3161 econtrarie
761 3127 783 3160 c.
806 3107 819 3176 ΙΙ
842 3110 987 3177 locumque
1006 3122 1032 3163 et

60 3190 141 3238 supro
158 3191 254 3226 cereum
272 3175 285 3226 i
303 3177 363 3227 loca
375 3177 403 3241 b,
416 3177 534 3243 locaque
549 3194 574 3243 a,
587 3178 651 3229 loca
665 3194 692 3243 s,
711 3179 856 3243 locumque
874 3183 990 3230 inlitora
1008 3197 1029 3233 r.

60 3243 77 3291 8
95 3241 208 3306 eiusque
226 3245 446 3310 proprietatibus
464 3262 511 3298 om,
531 3245 557 3296 d.
581 3243 593 3312 Η
617 3252 646 3298 et
662 3247 786 3298 eiusdem
804 3262 825 3296 s.
898 3250 927 3297 11
942 3248 1031 3297 tocies

61 3325 93 3371 a,
111 3313 270 3376 tociensb‚
291 3329 321 3374 e,
339 3329 360 3365 r.
432 3315 463 3362 tu
481 3314 676 3365 indivisionem
696 3332 720 3367 c.
775 3317 807 3365 13
826 3321 918 3366 autem
937 3329 1030 3364 nume·

60 3392 106 3427 rus
124 3378 156 3441 b,
177 3394 205 3438 c,
226 3394 246 3428 s.
295 3382 327 3430 14
339 3380 385 3430 hic
404 3385 496 3429 autem
515 3381 599 3433 ·VIII·
613 3382 633 3434 f.
671 3385 702 3433 ii
715 3382 788 3431 Huic
802 3387 894 3431 autem
914 3383 938 3442 f;
957 3380 1030 3429 Huic

58 3445 166 3510 pariter
183 3448 244 3511 pari
261 3462 282 3498 s.
371 3449 402 3499 18
420 3449 507 3513 primo
526 3464 587 3498 enm
606 3450 715 3499 nomine
735 3448 763 3499 f..
838 3451 869 3499 19
888 3454 990 3504 tuncc,
1010 3461 1032 3495 r.

10 3533 12 3537 '
94 3544 227 3582 noerius.
813 3534 834 3591 ‘i
