<?xml version="1.0" encoding="UTF-8"?>
<!DOCTYPE html PUBLIC "-//W3C//DTD XHTML 1.0 Transitional//EN"
    "http://www.w3.org/TR/xhtml1/DTD/xhtml1-transitional.dtd">
<html xmlns="http://www.w3.org/1999/xhtml" xml:lang="en" lang="en">
 <head>
  <title>
</title>
<meta http-equiv="Content-Type" content="text/html;charset=utf-8" />
  <meta name='ocr-system' content='tesseract 3.04.00' />
  <meta name='ocr-capabilities' content='ocr_page ocr_carea ocr_par ocr_line ocrx_word'/>
</head>
<body>
  <div class='ocr_page' id='page_1' title='image "aniciimanliitor00friegoog_0079.png"; bbox 0 0 2392 3922; ppageno 0'>
   <div class='ocr_carea' id='block_1_1' title="bbox 352 160 719 223">
    <p class='ocr_par' dir='ltr' id='par_1_1' title="bbox 352 160 719 223">
     <span class='ocr_line' id='line_1_1' title="bbox 352 160 719 223; baseline -0.003 -13"><span class='ocrx_word' id='word_1_1' title='bbox 352 161 442 211; x_wconf 77' lang='lat' dir='ltr'>mss.</span> <span class='ocrx_word' id='word_1_2' title='bbox 462 160 615 212; x_wconf 77' lang='lat' dir='ltr'>numum</span> <span class='ocrx_word' id='word_1_3' title='bbox 634 162 661 223; x_wconf 86' lang='lat'>1,</span> <span class='ocrx_word' id='word_1_4' title='bbox 679 163 719 210; x_wconf 80' lang='lat'>31.</span> 
     </span>
    </p>
   </div>
   <div class='ocr_carea' id='block_1_2' title="bbox 299 369 774 439">
    <p class='ocr_par' dir='ltr' id='par_1_2' title="bbox 299 369 774 439">
     <span class='ocr_line' id='line_1_2' title="bbox 299 369 774 439; baseline -0.006 -17"><span class='ocrx_word' id='word_1_5' title='bbox 299 369 342 422; x_wconf 83' lang='lat' dir='ltr'>De</span> <span class='ocrx_word' id='word_1_6' title='bbox 357 370 511 439; x_wconf 72' lang='lat' dir='ltr'>urqltipiici</span> <span class='ocrx_word' id='word_1_7' title='bbox 527 370 774 436; x_wconf 80' lang='lat' dir='ltr'><em>superpartiente.</em></span> 
     </span>
    </p>
   </div>
   <div class='ocr_carea' id='block_1_3' title="bbox 25 512 1069 2355">
    <p class='ocr_par' dir='ltr' id='par_1_3' title="bbox 53 512 1069 2188">
     <span class='ocr_line' id='line_1_3' title="bbox 118 512 1022 593; baseline -0.002 -19"><span class='ocrx_word' id='word_1_8' title='bbox 118 515 219 574; x_wconf 89' lang='lat' dir='ltr'>XXXI.</span> <span class='ocrx_word' id='word_1_9' title='bbox 243 512 394 593; x_wconf 88' lang='lat' dir='ltr'>Multiplex</span> <span class='ocrx_word' id='word_1_10' title='bbox 410 532 479 573; x_wconf 85' lang='lat' dir='ltr'>vero</span> <span class='ocrx_word' id='word_1_11' title='bbox 496 513 718 590; x_wconf 81' lang='lat' dir='ltr'><strong>superpartiens</strong></span> <span class='ocrx_word' id='word_1_12' title='bbox 734 520 793 583; x_wconf 86' lang='lat' dir='ltr'>est,</span> <span class='ocrx_word' id='word_1_13' title='bbox 817 514 953 590; x_wconf 78' lang='lat' dir='ltr'>quotIeus</span> <span class='ocrx_word' id='word_1_14' title='bbox 968 529 1022 572; x_wconf 92' lang='lat' dir='ltr'>nu·</span> 
     </span>
     <span class='ocr_line' id='line_1_4' title="bbox 53 594 1023 672; baseline -0.003 -12"><span class='ocrx_word' id='word_1_15' title='bbox 53 617 156 660; x_wconf 89' lang='lat' dir='ltr'>merus</span> <span class='ocrx_word' id='word_1_16' title='bbox 171 599 207 660; x_wconf 92' lang='lat' dir='ltr'>ad</span> <span class='ocrx_word' id='word_1_17' title='bbox 223 616 383 660; x_wconf 90' lang='lat' dir='ltr'>numerum</span> <span class='ocrx_word' id='word_1_18' title='bbox 404 603 594 672; x_wconf 89' lang='lat' dir='ltr'>comparatus</span> <span class='ocrx_word' id='word_1_19' title='bbox 614 594 703 655; x_wconf 88' lang='lat' dir='ltr'>babet</span> <span class='ocrx_word' id='word_1_20' title='bbox 723 596 753 654; x_wconf 87' lang='lat' dir='ltr'>iu</span> <span class='ocrx_word' id='word_1_21' title='bbox 769 613 800 657; x_wconf 92' lang='lat' dir='ltr'>se</span> <span class='ocrx_word' id='word_1_22' title='bbox 816 595 903 656; x_wconf 92' lang='lat' dir='ltr'>alium</span> <span class='ocrx_word' id='word_1_23' title='bbox 921 614 1023 657; x_wconf 89' lang='lat' dir='ltr'>nume·</span> 
     </span>
     <span class='ocr_line' id='line_1_5' title="bbox 53 677 1024 761; baseline -0.004 -18"><span class='ocrx_word' id='word_1_24' title='bbox 53 703 120 744; x_wconf 89' lang='lat' dir='ltr'>rum</span> <span class='ocrx_word' id='word_1_25' title='bbox 137 691 231 744; x_wconf 90' lang='lat' dir='ltr'>totum</span> <span class='ocrx_word' id='word_1_26' title='bbox 248 683 419 761; x_wconf 90' lang='lat' dir='ltr'>plusquam</span> <span class='ocrx_word' id='word_1_27' title='bbox 442 679 533 740; x_wconf 90' lang='lat' dir='ltr'>semel</span> <span class='ocrx_word' id='word_1_28' title='bbox 556 687 584 738; x_wconf 87' lang='lat' dir='ltr'>et</span> <span class='ocrx_word' id='word_1_29' title='bbox 605 681 667 739; x_wconf 92' lang='lat' dir='ltr'>eius</span> <span class='ocrx_word' id='word_1_30' title='bbox 689 677 734 738; x_wconf 90' lang='lat' dir='ltr'>vel</span> <span class='ocrx_word' id='word_1_31' title='bbox 750 679 824 740; x_wconf 92' lang='lat' dir='ltr'>duas</span> <span class='ocrx_word' id='word_1_32' title='bbox 838 679 884 739; x_wconf 88' lang='lat' dir='ltr'>vel</span> <span class='ocrx_word' id='word_1_33' title='bbox 905 687 964 740; x_wconf 86' lang='lat' dir='ltr'>tres</span> <span class='ocrx_word' id='word_1_34' title='bbox 980 680 1024 740; x_wconf 84' lang='lat' dir='ltr'>vel</span> 
     </span>
     <span class='ocr_line' id='line_1_6' title="bbox 54 762 1051 846; baseline -0.011 -17"><span class='ocrx_word' id='word_1_35' title='bbox 54 766 200 846; x_wconf 78' lang='lat' dir='ltr'>quotlibet</span> <span class='ocrx_word' id='word_1_36' title='bbox 226 767 329 844; x_wconf 85' lang='lat' dir='ltr'>plures</span> <span class='ocrx_word' id='word_1_37' title='bbox 356 762 515 841; x_wconf 89' lang='lat' dir='ltr'>particulas</span> <span class='ocrx_word' id='word_1_38' title='bbox 536 764 698 823; x_wconf 90' lang='lat' dir='ltr'>secundum</span> <span class='ocrx_word' id='word_1_39' title='bbox 725 765 841 824; x_wconf 90' lang='lat' dir='ltr'>numeri</span> <span class='ocrx_word' id='word_1_40' title='bbox 868 780 1051 842; x_wconf 67' lang='lat' dir='ltr'>superpone</span> 
     </span>
     <span class='ocr_line' id='line_1_7' title="bbox 53 849 1026 928; baseline -0.003 -16"><span class='ocrx_word' id='word_1_41' title='bbox 53 854 153 913; x_wconf 89' lang='lat' dir='ltr'>tientis</span> <span class='ocrx_word' id='word_1_42' title='bbox 168 853 305 928; x_wconf 84' lang='lat' dir='ltr'>figuram.</span> <span class='ocrx_word' id='word_1_43' title='bbox 343 849 376 908; x_wconf 94' lang='lat' dir='ltr'>ln</span> <span class='ocrx_word' id='word_1_44' title='bbox 396 849 453 908; x_wconf 93' lang='lat' dir='ltr'>hoc</span> <span class='ocrx_word' id='word_1_45' title='bbox 473 866 589 927; x_wconf 91' lang='lat' dir='ltr'>quoque</span> <span class='ocrx_word' id='word_1_46' title='bbox 609 856 733 925; x_wconf 87' lang='lat' dir='ltr'>propter</span> <span class='ocrx_word' id='word_1_47' title='bbox 755 866 872 908; x_wconf 91' lang='lat' dir='ltr'>causam</span> <span class='ocrx_word' id='word_1_48' title='bbox 889 850 1026 926; x_wconf 89' lang='lat' dir='ltr'>superius</span> 
     </span>
     <span class='ocr_line' id='line_1_8' title="bbox 56 932 1026 1011; baseline -0.005 -16"><span class='ocrx_word' id='word_1_49' title='bbox 56 937 165 995; x_wconf 90' lang='lat' dir='ltr'>dictam</span> <span class='ocrx_word' id='word_1_50' title='bbox 192 952 254 993; x_wconf 92' lang='lat' dir='ltr'>non</span> <span class='ocrx_word' id='word_1_51' title='bbox 282 940 369 993; x_wconf 90' lang='lat' dir='ltr'>erunt</span> <span class='ocrx_word' id='word_1_52' title='bbox 389 932 463 993; x_wconf 89' lang='lat' dir='ltr'>duae</span> <span class='ocrx_word' id='word_1_53' title='bbox 489 933 659 993; x_wconf 69' lang='lat' dir='ltr'>medietates</span> <span class='ocrx_word' id='word_1_54' title='bbox 686 950 784 1009; x_wconf 91' lang='lat' dir='ltr'>neque</span> <span class='ocrx_word' id='word_1_55' title='bbox 806 933 881 993; x_wconf 91' lang='lat' dir='ltr'>duae</span> <span class='ocrx_word' id='word_1_56' title='bbox 905 939 1026 1011; x_wconf 84' lang='lat' dir='ltr'>quartae</span> 
     </span>
     <span class='ocr_line' id='line_1_9' title="bbox 57 1015 1026 1095; baseline -0.003 -17"><span class='ocrx_word' id='word_1_57' title='bbox 57 1036 156 1095; x_wconf 88' lang='lat' dir='ltr'>neque</span> <span class='ocrx_word' id='word_1_58' title='bbox 172 1018 249 1078; x_wconf 87' lang='lat' dir='ltr'>duae</span> <span class='ocrx_word' id='word_1_59' title='bbox 264 1024 376 1086; x_wconf 78' lang='lat' dir='ltr'>sextae,</span> <span class='ocrx_word' id='word_1_60' title='bbox 399 1017 449 1076; x_wconf 92' lang='lat' dir='ltr'>sed</span> <span class='ocrx_word' id='word_1_61' title='bbox 472 1017 545 1076; x_wconf 73' lang='lat' dir='ltr'>dirae</span> <span class='ocrx_word' id='word_1_62' title='bbox 568 1018 675 1076; x_wconf 82' lang='lat' dir='ltr'>tertiae</span> <span class='ocrx_word' id='word_1_63' title='bbox 690 1015 736 1076; x_wconf 81' lang='lat' dir='ltr'>vel</span> <span class='ocrx_word' id='word_1_64' title='bbox 751 1016 827 1078; x_wconf 88' lang='lat' dir='ltr'>duae</span> <span class='ocrx_word' id='word_1_65' title='bbox 844 1018 964 1093; x_wconf 89' lang='lat' dir='ltr'>quintae</span> <span class='ocrx_word' id='word_1_66' title='bbox 981 1016 1026 1075; x_wconf 84' lang='lat' dir='ltr'>vel</span> 
     </span>
     <span class='ocr_line' id='line_1_10' title="bbox 58 1099 1024 1181; baseline -0.003 -19"><span class='ocrx_word' id='word_1_67' title='bbox 58 1103 135 1162; x_wconf 91' lang='lat' dir='ltr'>duae</span> <span class='ocrx_word' id='word_1_68' title='bbox 158 1103 298 1181; x_wconf 86' lang='lat' dir='ltr'>septimae</span> <span class='ocrx_word' id='word_1_69' title='bbox 319 1100 354 1162; x_wconf 90' lang='lat' dir='ltr'>ad</span> <span class='ocrx_word' id='word_1_70' title='bbox 374 1102 507 1180; x_wconf 91' lang='lat' dir='ltr'>priorum</span> <span class='ocrx_word' id='word_1_71' title='bbox 529 1099 653 1160; x_wconf 85' lang='lat' dir='ltr'>similem</span> <span class='ocrx_word' id='word_1_72' title='bbox 676 1103 926 1178; x_wconf 90' lang='lat' dir='ltr'>consequentiam.</span> <span class='ocrx_word' id='word_1_73' title='bbox 960 1100 1024 1160; x_wconf 83' lang='lat' dir='ltr'>Non</span> 
     </span>
     <span class='ocr_line' id='line_1_11' title="bbox 56 1185 1064 1263; baseline 0 -19"><span class='ocrx_word' id='word_1_74' title='bbox 56 1193 102 1245; x_wconf 90' lang='lat' dir='ltr'>est</span> <span class='ocrx_word' id='word_1_75' title='bbox 117 1194 214 1245; x_wconf 92' lang='lat' dir='ltr'>autem</span> <span class='ocrx_word' id='word_1_76' title='bbox 231 1185 348 1246; x_wconf 84' lang='lat' dir='ltr'>difficile</span> <span class='ocrx_word' id='word_1_77' title='bbox 371 1186 533 1246; x_wconf 89' lang='lat' dir='ltr'>secundum</span> <span class='ocrx_word' id='word_1_78' title='bbox 556 1186 689 1262; x_wconf 82' lang='lat' dir='ltr'>priorum</span> <span class='ocrx_word' id='word_1_79' title='bbox 712 1185 844 1263; x_wconf 90' lang='lat' dir='ltr'>exempla</span> <span class='ocrx_word' id='word_1_80' title='bbox 860 1187 1024 1262; x_wconf 88' lang='lat' dir='ltr'>positorum</span> <span class='ocrx_word' id='word_1_81' title='bbox 1040 1200 1064 1238; x_wconf 86' lang='lat'>1⁰</span> 
     </span>
     <span class='ocr_line' id='line_1_12' title="bbox 55 1266 1022 1349; baseline 0.002 -21"><span class='ocrx_word' id='word_1_82' title='bbox 55 1271 110 1329; x_wconf 76' lang='lat' dir='ltr'>lios</span> <span class='ocrx_word' id='word_1_83' title='bbox 126 1287 243 1348; x_wconf 90' lang='lat' dir='ltr'>quoque</span> <span class='ocrx_word' id='word_1_84' title='bbox 260 1278 288 1330; x_wconf 91' lang='lat' dir='ltr'>et</span> <span class='ocrx_word' id='word_1_85' title='bbox 302 1279 421 1349; x_wconf 92' lang='lat' dir='ltr'>praeter</span> <span class='ocrx_word' id='word_1_86' title='bbox 444 1266 546 1329; x_wconf 84' lang='lat' dir='ltr'>nostra</span> <span class='ocrx_word' id='word_1_87' title='bbox 568 1269 703 1347; x_wconf 87' lang='lat' dir='ltr'>exempla</span> <span class='ocrx_word' id='word_1_88' title='bbox 721 1288 861 1330; x_wconf 88' lang='lat' dir='ltr'>numeros</span> <span class='ocrx_word' id='word_1_89' title='bbox 881 1270 1022 1330; x_wconf 88' lang='lat' dir='ltr'>invenire.</span> 
     </span>
     <span class='ocr_line' id='line_1_13' title="bbox 55 1353 1023 1433; baseline 0.003 -23"><span class='ocrx_word' id='word_1_90' title='bbox 55 1353 303 1431; x_wconf 72' lang='lat' dir='ltr'>vocabunturque</span> <span class='ocrx_word' id='word_1_91' title='bbox 326 1354 357 1413; x_wconf 91' lang='lat' dir='ltr'>hi</span> <span class='ocrx_word' id='word_1_92' title='bbox 378 1354 543 1415; x_wconf 88' lang='lat' dir='ltr'>secuudum</span> <span class='ocrx_word' id='word_1_93' title='bbox 564 1355 702 1432; x_wconf 87' lang='lat' dir='ltr'>proprias</span> <span class='ocrx_word' id='word_1_94' title='bbox 723 1363 822 1433; x_wconf 88' lang='lat' dir='ltr'>partes</span> <span class='ocrx_word' id='word_1_95' title='bbox 845 1354 953 1432; x_wconf 86' lang='lat' dir='ltr'>duplex</span> <span class='ocrx_word' id='word_1_96' title='bbox 975 1373 1023 1414; x_wconf 89' lang='lat' dir='ltr'>su-</span> 
     </span>
     <span class='ocr_line' id='line_1_14' title="bbox 54 1437 1024 1516; baseline -0.001 -19"><span class='ocrx_word' id='word_1_97' title='bbox 54 1437 287 1516; x_wconf 59' lang='lat' dir='ltr'>perbipartiens</span> <span class='ocrx_word' id='word_1_98' title='bbox 319 1437 365 1498; x_wconf 89' lang='lat' dir='ltr'>vel</span> <span class='ocrx_word' id='word_1_99' title='bbox 391 1437 499 1516; x_wconf 86' lang='lat' dir='ltr'>duplex</span> <span class='ocrx_word' id='word_1_100' title='bbox 527 1440 804 1516; x_wconf 88' lang='lat' dir='ltr'>supertripartiens,</span> <span class='ocrx_word' id='word_1_101' title='bbox 840 1438 885 1498; x_wconf 76' lang='lat' dir='ltr'>vel</span> <span class='ocrx_word' id='word_1_102' title='bbox 916 1437 1024 1516; x_wconf 89' lang='lat' dir='ltr'>duplex</span> 
     </span>
     <span class='ocr_line' id='line_1_15' title="bbox 55 1521 1025 1602; baseline 0.001 -22"><span class='ocrx_word' id='word_1_103' title='bbox 55 1521 401 1602; x_wconf 58' lang='lat' dir='ltr'>superquadripartiens</span> <span class='ocrx_word' id='word_1_104' title='bbox 425 1533 454 1581; x_wconf 93' lang='lat' dir='ltr'>ct</span> <span class='ocrx_word' id='word_1_105' title='bbox 473 1540 577 1582; x_wconf 86' lang='lat' dir='ltr'>rursus</span> <span class='ocrx_word' id='word_1_106' title='bbox 598 1521 704 1599; x_wconf 88' lang='lat' dir='ltr'>triplex</span> <span class='ocrx_word' id='word_1_107' title='bbox 728 1522 980 1600; x_wconf 87' lang='lat' dir='ltr'>superbipartiens</span> <span class='ocrx_word' id='word_1_108' title='bbox 996 1531 1025 1582; x_wconf 90' lang='lat' dir='ltr'>et</span> 
     </span>
     <span class='ocr_line' id='line_1_16' title="bbox 55 1604 1064 1687; baseline 0.002 -23"><span class='ocrx_word' id='word_1_109' title='bbox 55 1604 163 1684; x_wconf 92' lang='lat' dir='ltr'>triplex</span> <span class='ocrx_word' id='word_1_110' title='bbox 185 1608 448 1685; x_wconf 88' lang='lat' dir='ltr'>supertripartiens</span> <span class='ocrx_word' id='word_1_111' title='bbox 469 1614 498 1667; x_wconf 90' lang='lat' dir='ltr'>ct</span> <span class='ocrx_word' id='word_1_112' title='bbox 519 1607 625 1686; x_wconf 91' lang='lat' dir='ltr'>triplex</span> <span class='ocrx_word' id='word_1_113' title='bbox 646 1608 974 1687; x_wconf 86' lang='lat' dir='ltr'>superquadripartiens</span> <span class='ocrx_word' id='word_1_114' title='bbox 997 1615 1025 1666; x_wconf 92' lang='lat' dir='ltr'>et</span> <span class='ocrx_word' id='word_1_115' title='bbox 1040 1619 1064 1657; x_wconf 82' lang='lat'>1⁵</span> 
     </span>
     <span class='ocr_line' id='line_1_17' title="bbox 56 1687 1025 1768; baseline 0.003 -20"><span class='ocrx_word' id='word_1_116' title='bbox 56 1687 200 1758; x_wconf 90' lang='lat' dir='ltr'>similiter,</span> <span class='ocrx_word' id='word_1_117' title='bbox 232 1696 264 1749; x_wconf 93' lang='lat' dir='ltr'>ut</span> <span class='ocrx_word' id='word_1_118' title='bbox 296 1690 377 1750; x_wconf 89' lang='lat' dir='ltr'>·Vlll·</span> <span class='ocrx_word' id='word_1_119' title='bbox 410 1689 445 1748; x_wconf 92' lang='lat' dir='ltr'>ad</span> <span class='ocrx_word' id='word_1_120' title='bbox 476 1689 533 1749; x_wconf 92' lang='lat' dir='ltr'>·lll·</span> <span class='ocrx_word' id='word_1_121' title='bbox 559 1694 722 1767; x_wconf 87' lang='lat' dir='ltr'>comparati</span> <span class='ocrx_word' id='word_1_122' title='bbox 745 1693 855 1751; x_wconf 79' lang='lat' dir='ltr'>faciunt</span> <span class='ocrx_word' id='word_1_123' title='bbox 880 1690 1025 1768; x_wconf 85' lang='lat' dir='ltr'>duplicem</span> 
     </span>
     <span class='ocr_line' id='line_1_18' title="bbox 57 1773 1027 1851; baseline -0.001 -18"><span class='ocrx_word' id='word_1_124' title='bbox 57 1773 372 1851; x_wconf 88' lang='lat' dir='ltr'>superbipartientem,</span> <span class='ocrx_word' id='word_1_125' title='bbox 397 1782 426 1833; x_wconf 90' lang='lat' dir='ltr'>et</span> <span class='ocrx_word' id='word_1_126' title='bbox 443 1774 525 1833; x_wconf 78' lang='lat' dir='ltr'>-xvt</span> <span class='ocrx_word' id='word_1_127' title='bbox 543 1776 577 1833; x_wconf 92' lang='lat' dir='ltr'>ad</span> <span class='ocrx_word' id='word_1_128' title='bbox 596 1776 652 1835; x_wconf 69' lang='lat' dir='ltr'>·lll·</span> <span class='ocrx_word' id='word_1_129' title='bbox 671 1784 700 1834; x_wconf 89' lang='lat' dir='ltr'>et</span> <span class='ocrx_word' id='word_1_130' title='bbox 716 1793 833 1844; x_wconf 92' lang='lat' dir='ltr'>omnes,</span> <span class='ocrx_word' id='word_1_131' title='bbox 857 1777 1027 1851; x_wconf 84' lang='lat' dir='ltr'>quicunque</span> 
     </span>
     <span class='ocr_line' id='line_1_19' title="bbox 56 1856 1028 1934; baseline -0.003 -17"><span class='ocrx_word' id='word_1_132' title='bbox 56 1858 94 1917; x_wconf 91' lang='lat' dir='ltr'>ab</span> <span class='ocrx_word' id='word_1_133' title='bbox 113 1858 195 1917; x_wconf 88' lang='lat' dir='ltr'>·Vlll·</span> <span class='ocrx_word' id='word_1_134' title='bbox 213 1859 389 1934; x_wconf 81' lang='lat' dir='ltr'>incipientes</span> <span class='ocrx_word' id='word_1_135' title='bbox 412 1861 563 1916; x_wconf 91' lang='lat' dir='ltr'>octonario</span> <span class='ocrx_word' id='word_1_136' title='bbox 580 1876 644 1917; x_wconf 87' lang='lat' dir='ltr'>seso</span> <span class='ocrx_word' id='word_1_137' title='bbox 662 1856 792 1917; x_wconf 89' lang='lat' dir='ltr'>numero</span> <span class='ocrx_word' id='word_1_138' title='bbox 804 1859 1028 1934; x_wconf 84' lang='lat' dir='ltr'>transgrediun-</span> 
     </span>
     <span class='ocr_line' id='line_1_20' title="bbox 56 1940 1029 2016; baseline -0.002 -16"><span class='ocrx_word' id='word_1_139' title='bbox 56 1952 123 2008; x_wconf 91' lang='lat' dir='ltr'>tur,</span> <span class='ocrx_word' id='word_1_140' title='bbox 146 1943 310 2016; x_wconf 90' lang='lat' dir='ltr'>comparati</span> <span class='ocrx_word' id='word_1_141' title='bbox 333 1940 367 1999; x_wconf 92' lang='lat' dir='ltr'>ad</span> <span class='ocrx_word' id='word_1_142' title='bbox 392 1957 456 2007; x_wconf 92' lang='lat' dir='ltr'>eos,</span> <span class='ocrx_word' id='word_1_143' title='bbox 480 1943 530 2016; x_wconf 91' lang='lat' dir='ltr'>qui</span> <span class='ocrx_word' id='word_1_144' title='bbox 550 1959 565 2000; x_wconf 90' lang='lat' dir='ltr'>a</span> <span class='ocrx_word' id='word_1_145' title='bbox 587 1940 682 1999; x_wconf 89' lang='lat' dir='ltr'>tribus</span> <span class='ocrx_word' id='word_1_146' title='bbox 703 1940 878 1999; x_wconf 87' lang='lat' dir='ltr'>inchoantes</span> <span class='ocrx_word' id='word_1_147' title='bbox 899 1942 1029 2000; x_wconf 89' lang='lat' dir='ltr'>ternaria</span> 
     </span>
     <span class='ocr_line' id='line_1_21' title="bbox 57 2023 1069 2102; baseline -0.006 -16"><span class='ocrx_word' id='word_1_148' title='bbox 57 2042 126 2086; x_wconf 88' lang='lat' dir='ltr'>sese</span> <span class='ocrx_word' id='word_1_149' title='bbox 149 2025 312 2102; x_wconf 90' lang='lat' dir='ltr'>quantitate</span> <span class='ocrx_word' id='word_1_150' title='bbox 333 2030 535 2101; x_wconf 89' lang='lat' dir='ltr'>praetereunt.</span> <span class='ocrx_word' id='word_1_151' title='bbox 567 2025 628 2083; x_wconf 87' lang='lat' dir='ltr'>Neo</span> <span class='ocrx_word' id='word_1_152' title='bbox 651 2026 707 2082; x_wconf 89' lang='lat' dir='ltr'>erit</span> <span class='ocrx_word' id='word_1_153' title='bbox 734 2023 851 2082; x_wconf 86' lang='lat' dir='ltr'>difficile</span> <span class='ocrx_word' id='word_1_154' title='bbox 874 2023 945 2083; x_wconf 90' lang='lat' dir='ltr'>alias</span> <span class='ocrx_word' id='word_1_155' title='bbox 967 2025 1030 2083; x_wconf 91' lang='lat' dir='ltr'>eius</span> <span class='ocrx_word' id='word_1_156' title='bbox 1044 2036 1069 2075; x_wconf 72' lang='lat'>20</span> 
     </span>
     <span class='ocr_line' id='line_1_22' title="bbox 57 2106 1030 2188; baseline -0.002 -20"><span class='ocrx_word' id='word_1_157' title='bbox 57 2117 169 2188; x_wconf 78' lang='lat' dir='ltr'>partes.</span> <span class='ocrx_word' id='word_1_158' title='bbox 188 2108 352 2168; x_wconf 86' lang='lat' dir='ltr'>secundum</span> <span class='ocrx_word' id='word_1_159' title='bbox 379 2107 564 2186; x_wconf 87' lang='lat' dir='ltr'>praedictum</span> <span class='ocrx_word' id='word_1_160' title='bbox 593 2106 713 2167; x_wconf 90' lang='lat' dir='ltr'>modum</span> <span class='ocrx_word' id='word_1_161' title='bbox 744 2107 935 2185; x_wconf 80' lang='lat' dir='ltr'>diligentibus</span> <span class='ocrx_word' id='word_1_162' title='bbox 963 2125 1030 2185; x_wconf 91' lang='lat' dir='ltr'>rep·</span> 
     </span>
    </p>

    <p class='ocr_par' dir='ltr' id='par_1_4' title="bbox 25 2190 1030 2355">
     <span class='ocr_line' id='line_1_23' title="bbox 25 2190 1030 2271; baseline 0 -20"><span class='ocrx_word' id='word_1_163' title='bbox 25 2247 28 2251; x_wconf 81' lang='lat'><strong>.</strong></span> <span class='ocrx_word' id='word_1_164' title='bbox 57 2194 170 2271; x_wconf 59' lang='lat' dir='ltr'>perire,</span> <span class='ocrx_word' id='word_1_165' title='bbox 190 2193 245 2253; x_wconf 92' lang='lat' dir='ltr'>Hic</span> <span class='ocrx_word' id='word_1_166' title='bbox 261 2210 380 2271; x_wconf 89' lang='lat' dir='ltr'>quoque</span> <span class='ocrx_word' id='word_1_167' title='bbox 396 2191 467 2251; x_wconf 91' lang='lat' dir='ltr'>illud</span> <span class='ocrx_word' id='word_1_168' title='bbox 484 2193 655 2252; x_wconf 84' lang='lat' dir='ltr'>meminisse</span> <span class='ocrx_word' id='word_1_169' title='bbox 672 2190 828 2261; x_wconf 75' lang='lat' dir='ltr'>delsetnus,</span> <span class='ocrx_word' id='word_1_170' title='bbox 846 2193 924 2271; x_wconf 89' lang='lat' dir='ltr'>quod</span> <span class='ocrx_word' id='word_1_171' title='bbox 937 2194 1030 2251; x_wconf 90' lang='lat' dir='ltr'>mino-</span> 
     </span>
     <span class='ocr_line' id='line_1_24' title="bbox 58 2276 1028 2355; baseline 0 -18"><span class='ocrx_word' id='word_1_172' title='bbox 58 2295 108 2337; x_wconf 91' lang='lat' dir='ltr'>res</span> <span class='ocrx_word' id='word_1_173' title='bbox 136 2285 165 2337; x_wconf 93' lang='lat' dir='ltr'>et</span> <span class='ocrx_word' id='word_1_174' title='bbox 196 2279 320 2337; x_wconf 90' lang='lat' dir='ltr'>comites</span> <span class='ocrx_word' id='word_1_175' title='bbox 341 2294 399 2336; x_wconf 94' lang='lat' dir='ltr'>non</span> <span class='ocrx_word' id='word_1_176' title='bbox 423 2279 487 2336; x_wconf 90' lang='lat' dir='ltr'>sine</span> <span class='ocrx_word' id='word_1_177' title='bbox 509 2276 565 2337; x_wconf 91' lang='lat' dir='ltr'>sub</span> <span class='ocrx_word' id='word_1_178' title='bbox 588 2279 807 2355; x_wconf 86' lang='lat' dir='ltr'>praepositione</span> <span class='ocrx_word' id='word_1_179' title='bbox 829 2279 1028 2346; x_wconf 89' lang='lat' dir='ltr'>nominantur,</span> 
     </span>
    </p>
   </div>
   <div class='ocr_carea' id='block_1_4' title="bbox 56 2460 1035 3535">
    <p class='ocr_par' dir='ltr' id='par_1_5' title="bbox 129 2460 1029 2528">
     <span class='ocr_line' id='line_1_25' title="bbox 129 2460 1029 2528; baseline 0.003 -18"><span class='ocrx_word' id='word_1_180' title='bbox 129 2465 143 2510; x_wconf 94' lang='lat'>1</span> <span class='ocrx_word' id='word_1_181' title='bbox 178 2461 273 2511; x_wconf 82' lang='lat' dir='ltr'>Titulus</span> <span class='ocrx_word' id='word_1_182' title='bbox 302 2465 328 2510; x_wconf 85' lang='lat' dir='ltr'>in</span> <span class='ocrx_word' id='word_1_183' title='bbox 357 2464 469 2522; x_wconf 77' lang='lat' dir='ltr'>inurpine</span> <span class='ocrx_word' id='word_1_184' title='bbox 496 2464 589 2526; x_wconf 80' lang='lat' dir='ltr'>lepitur</span> <span class='ocrx_word' id='word_1_185' title='bbox 611 2465 637 2510; x_wconf 84' lang='lat' dir='ltr'>in</span> <span class='ocrx_word' id='word_1_186' title='bbox 661 2462 684 2512; x_wconf 90' lang='lat' dir='ltr'>d.</span> <span class='ocrx_word' id='word_1_187' title='bbox 718 2460 729 2527; x_wconf 73' lang='lat' dir='ltr'>ll</span> <span class='ocrx_word' id='word_1_188' title='bbox 766 2464 981 2528; x_wconf 87' lang='lat' dir='ltr'>superpartienti</span> <span class='ocrx_word' id='word_1_189' title='bbox 1004 2463 1029 2513; x_wconf 87' lang='lat' dir='ltr'>d.</span> 
     </span>
    </p>

    <p class='ocr_par' dir='ltr' id='par_1_6' title="bbox 56 2525 1032 3131">
     <span class='ocr_line' id='line_1_26' title="bbox 58 2525 1029 2594; baseline 0.002 -16"><span class='ocrx_word' id='word_1_190' title='bbox 58 2533 75 2578; x_wconf 82' lang='lat'>‘2</span> <span class='ocrx_word' id='word_1_191' title='bbox 96 2528 201 2577; x_wconf 75' lang='lat' dir='ltr'>XXXI·</span> <span class='ocrx_word' id='word_1_192' title='bbox 221 2545 266 2580; x_wconf 88' lang='lat' dir='ltr'>om.</span> <span class='ocrx_word' id='word_1_193' title='bbox 287 2546 306 2579; x_wconf 85' lang='lat' dir='ltr'>r.</span> <span class='ocrx_word' id='word_1_194' title='bbox 320 2525 333 2594; x_wconf 71' lang='lat' dir='ltr'>ll</span> <span class='ocrx_word' id='word_1_195' title='bbox 345 2530 453 2592; x_wconf 89' lang='lat' dir='ltr'>quoties</span> <span class='ocrx_word' id='word_1_196' title='bbox 473 2545 497 2591; x_wconf 82' lang='lat' dir='ltr'>a,</span> <span class='ocrx_word' id='word_1_197' title='bbox 514 2545 535 2579; x_wconf 85' lang='lat' dir='ltr'>s.</span> <span class='ocrx_word' id='word_1_198' title='bbox 573 2533 588 2580; x_wconf 83' lang='lat'><strong>3</strong></span> <span class='ocrx_word' id='word_1_199' title='bbox 607 2533 712 2578; x_wconf 81' lang='lat' dir='ltr'>atterum</span> <span class='ocrx_word' id='word_1_200' title='bbox 724 2545 865 2580; x_wconf 88' lang='lat' dir='ltr'>numerum</span> <span class='ocrx_word' id='word_1_201' title='bbox 884 2546 929 2581; x_wconf 86' lang='lat' dir='ltr'>om.</span> <span class='ocrx_word' id='word_1_202' title='bbox 945 2531 968 2591; x_wconf 83' lang='lat' dir='ltr'>f,</span> <span class='ocrx_word' id='word_1_203' title='bbox 988 2547 1029 2580; x_wconf 85' lang='lat' dir='ltr'>su-</span> 
     </span>
     <span class='ocr_line' id='line_1_27' title="bbox 56 2596 1031 2662; baseline 0.001 -16"><span class='ocrx_word' id='word_1_204' title='bbox 56 2612 221 2661; x_wconf 81' lang='lat' dir='ltr'>preversum</span> <span class='ocrx_word' id='word_1_205' title='bbox 234 2596 263 2658; x_wconf 87' lang='lat' dir='ltr'>d,</span> <span class='ocrx_word' id='word_1_206' title='bbox 282 2599 384 2660; x_wconf 77' lang='lat' dir='ltr'>piutcu&#39;s</span> <span class='ocrx_word' id='word_1_207' title='bbox 396 2603 507 2646; x_wconf 77' lang='lat' dir='ltr'>notatum</span> <span class='ocrx_word' id='word_1_208' title='bbox 518 2597 545 2645; x_wconf 89' lang='lat' dir='ltr'>b.</span> <span class='ocrx_word' id='word_1_209' title='bbox 582 2599 597 2646; x_wconf 87' lang='grc'><strong>6</strong></span> <span class='ocrx_word' id='word_1_210' title='bbox 611 2598 675 2647; x_wconf 84' lang='lat' dir='ltr'>Post</span> <span class='ocrx_word' id='word_1_211' title='bbox 693 2597 809 2662; x_wconf 79' lang='lat' dir='ltr'>figuram</span> <span class='ocrx_word' id='word_1_212' title='bbox 822 2601 912 2648; x_wconf 78' lang='lat' dir='ltr'>additu</span> <span class='ocrx_word' id='word_1_213' title='bbox 929 2607 987 2647; x_wconf 74' lang='lat' dir='ltr'>scint</span> <span class='ocrx_word' id='word_1_214' title='bbox 1005 2602 1031 2647; x_wconf 86' lang='lat' dir='ltr'>in</span> 
     </span>
     <span class='ocr_line' id='line_1_28' title="bbox 59 2653 1030 2731; baseline 0.001 -18"><span class='ocrx_word' id='word_1_215' title='bbox 59 2680 90 2713; x_wconf 86' lang='lat' dir='ltr'>c:</span> <span class='ocrx_word' id='word_1_216' title='bbox 110 2667 141 2710; x_wconf 87' lang='lat' dir='ltr'>ut</span> <span class='ocrx_word' id='word_1_217' title='bbox 159 2653 394 2726; x_wconf 67' lang='lat' dir='ltr'>superbipartiens</span> <span class='ocrx_word' id='word_1_218' title='bbox 413 2665 510 2713; x_wconf 71' lang='lat' dir='ltr'>tertias</span> <span class='ocrx_word' id='word_1_219' title='bbox 523 2664 569 2713; x_wconf 87' lang='lat' dir='ltr'>vel</span> <span class='ocrx_word' id='word_1_220' title='bbox 582 2679 664 2729; x_wconf 89' lang='lat' dir='ltr'>super</span> <span class='ocrx_word' id='word_1_221' title='bbox 678 2663 779 2730; x_wconf 83' lang='lat' dir='ltr'>(lituro)</span> <span class='ocrx_word' id='word_1_222' title='bbox 798 2667 933 2731; x_wconf 88' lang='lat' dir='ltr'>ipertiens</span> <span class='ocrx_word' id='word_1_223' title='bbox 949 2681 1030 2728; x_wconf 86' lang='lat' dir='ltr'>quar-</span> 
     </span>
     <span class='ocr_line' id='line_1_29' title="bbox 59 2728 1032 2799; baseline 0.002 -20"><span class='ocrx_word' id='word_1_224' title='bbox 59 2737 107 2780; x_wconf 84' lang='lat' dir='ltr'>tas</span> <span class='ocrx_word' id='word_1_225' title='bbox 127 2735 155 2778; x_wconf 90' lang='lat' dir='ltr'>et</span> <span class='ocrx_word' id='word_1_226' title='bbox 173 2731 254 2795; x_wconf 77' lang='lat' dir='ltr'>reliq3</span> <span class='ocrx_word' id='word_1_227' title='bbox 280 2728 290 2796; x_wconf 74' lang='lat' dir='ltr'>ll</span> <span class='ocrx_word' id='word_1_228' title='bbox 319 2731 372 2779; x_wconf 84' lang='lat' dir='ltr'>hac</span> <span class='ocrx_word' id='word_1_229' title='bbox 391 2747 459 2781; x_wconf 82' lang='lat' dir='ltr'>corr.</span> <span class='ocrx_word' id='word_1_230' title='bbox 483 2734 508 2780; x_wconf 85' lang='lat' dir='ltr'>iu</span> <span class='ocrx_word' id='word_1_231' title='bbox 532 2731 583 2781; x_wconf 88' lang='lat' dir='ltr'>hoo</span> <span class='ocrx_word' id='word_1_232' title='bbox 604 2749 628 2781; x_wconf 81' lang='lat' dir='ltr'>a.</span> <span class='ocrx_word' id='word_1_233' title='bbox 657 2729 668 2798; x_wconf 76' lang='lat' dir='ltr'>[l</span> <span class='ocrx_word' id='word_1_234' title='bbox 696 2734 729 2783; x_wconf 91' lang='lat' dir='ltr'>In</span> <span class='ocrx_word' id='word_1_235' title='bbox 748 2729 810 2799; x_wconf 90' lang='lat' dir='ltr'>hoc]</span> <span class='ocrx_word' id='word_1_236' title='bbox 831 2751 913 2799; x_wconf 84' lang='lat' dir='ltr'>supro</span> <span class='ocrx_word' id='word_1_237' title='bbox 935 2750 1032 2783; x_wconf 83' lang='lat' dir='ltr'>uersum</span> 
     </span>
     <span class='ocr_line' id='line_1_30' title="bbox 59 2797 1031 2865; baseline 0.003 -19"><span class='ocrx_word' id='word_1_238' title='bbox 59 2812 175 2846; x_wconf 88' lang='lat' dir='ltr'>numero</span> <span class='ocrx_word' id='word_1_239' title='bbox 189 2813 210 2851; x_wconf 87' lang='lat' dir='ltr'>s.</span> <span class='ocrx_word' id='word_1_240' title='bbox 298 2801 420 2862; x_wconf 79' lang='lat' dir='ltr'>ineque</span> <span class='ocrx_word' id='word_1_241' title='bbox 444 2797 514 2848; x_wconf 73' lang='lat' dir='ltr'>dorae</span> <span class='ocrx_word' id='word_1_242' title='bbox 539 2804 656 2863; x_wconf 86' lang='lat' dir='ltr'>quartae</span> <span class='ocrx_word' id='word_1_243' title='bbox 675 2817 721 2851; x_wconf 86' lang='lat' dir='ltr'>om.</span> <span class='ocrx_word' id='word_1_244' title='bbox 742 2800 768 2852; x_wconf 88' lang='lat' dir='ltr'>d.</span> <span class='ocrx_word' id='word_1_245' title='bbox 858 2799 950 2865; x_wconf 84' lang='lat' dir='ltr'>8sed]</span> <span class='ocrx_word' id='word_1_246' title='bbox 971 2802 1031 2850; x_wconf 89' lang='lat' dir='ltr'>siin</span> 
     </span>
     <span class='ocr_line' id='line_1_31' title="bbox 60 2866 1030 2930; baseline 0.004 -16"><span class='ocrx_word' id='word_1_247' title='bbox 60 2868 139 2914; x_wconf 84' lang='lat' dir='ltr'>lituro</span> <span class='ocrx_word' id='word_1_248' title='bbox 158 2881 181 2914; x_wconf 85' lang='lat' dir='ltr'>a.</span> <span class='ocrx_word' id='word_1_249' title='bbox 284 2868 314 2916; x_wconf 89' lang='grc'>10</span> <span class='ocrx_word' id='word_1_250' title='bbox 327 2868 473 2930; x_wconf 88' lang='lat' dir='ltr'>primorum</span> <span class='ocrx_word' id='word_1_251' title='bbox 493 2866 512 2919; x_wconf 88' lang='lat' dir='ltr'>f.</span> <span class='ocrx_word' id='word_1_252' title='bbox 617 2870 647 2916; x_wconf 92' lang='grc'>11</span> <span class='ocrx_word' id='word_1_253' title='bbox 667 2884 740 2917; x_wconf 86' lang='lat' dir='ltr'>nona</span> <span class='ocrx_word' id='word_1_254' title='bbox 758 2885 827 2922; x_wconf 79' lang='lat' dir='ltr'>corr.</span> <span class='ocrx_word' id='word_1_255' title='bbox 847 2872 873 2918; x_wconf 87' lang='lat' dir='ltr'>iu</span> <span class='ocrx_word' id='word_1_256' title='bbox 890 2875 985 2918; x_wconf 82' lang='lat' dir='ltr'>nostra</span> <span class='ocrx_word' id='word_1_257' title='bbox 1006 2884 1030 2919; x_wconf 85' lang='lat' dir='ltr'>a.</span> 
     </span>
     <span class='ocr_line' id='line_1_32' title="bbox 61 2931 1032 2997; baseline 0.002 -16"><span class='ocrx_word' id='word_1_258' title='bbox 61 2937 93 2983; x_wconf 83' lang='lat'>15</span> <span class='ocrx_word' id='word_1_259' title='bbox 114 2937 142 2981; x_wconf 87' lang='lat' dir='ltr'>et</span> <span class='ocrx_word' id='word_1_260' title='bbox 160 2931 262 2996; x_wconf 86' lang='lat' dir='ltr'>triplex</span> <span class='ocrx_word' id='word_1_261' title='bbox 282 2933 587 2997; x_wconf 85' lang='lat' dir='ltr'>superquadripartiens</span> <span class='ocrx_word' id='word_1_262' title='bbox 607 2952 652 2986; x_wconf 71' lang='lat' dir='ltr'>unu</span> <span class='ocrx_word' id='word_1_263' title='bbox 672 2935 697 2986; x_wconf 87' lang='lat' dir='ltr'>d.</span> <span class='ocrx_word' id='word_1_264' title='bbox 773 2937 803 2985; x_wconf 88' lang='grc'>16</span> <span class='ocrx_word' id='word_1_265' title='bbox 822 2938 887 2987; x_wconf 89' lang='lat' dir='ltr'>Post</span> <span class='ocrx_word' id='word_1_266' title='bbox 904 2936 1032 2985; x_wconf 88' lang='lat' dir='ltr'>similiter</span> 
     </span>
     <span class='ocr_line' id='line_1_33' title="bbox 61 3000 1032 3066; baseline -0.001 -16"><span class='ocrx_word' id='word_1_267' title='bbox 61 3001 137 3050; x_wconf 82' lang='lat' dir='ltr'>addit</span> <span class='ocrx_word' id='word_1_268' title='bbox 155 3001 180 3049; x_wconf 86' lang='lat' dir='ltr'>f:</span> <span class='ocrx_word' id='word_1_269' title='bbox 204 3001 253 3049; x_wconf 88' lang='lat' dir='ltr'>sub</span> <span class='ocrx_word' id='word_1_270' title='bbox 272 3015 359 3063; x_wconf 89' lang='lat' dir='ltr'>usque</span> <span class='ocrx_word' id='word_1_271' title='bbox 379 3003 407 3049; x_wconf 88' lang='lat' dir='ltr'>in</span> <span class='ocrx_word' id='word_1_272' title='bbox 425 3000 571 3053; x_wconf 89' lang='lat' dir='ltr'>infinitum.</span> <span class='ocrx_word' id='word_1_273' title='bbox 660 3005 691 3051; x_wconf 80' lang='grc'>16</span> <span class='ocrx_word' id='word_1_274' title='bbox 710 3008 772 3053; x_wconf 86' lang='lat' dir='ltr'>octo</span> <span class='ocrx_word' id='word_1_275' title='bbox 791 3020 820 3066; x_wconf 84' lang='lat' dir='ltr'>a,</span> <span class='ocrx_word' id='word_1_276' title='bbox 844 3005 877 3065; x_wconf 89' lang='lat' dir='ltr'>b,</span> <span class='ocrx_word' id='word_1_277' title='bbox 904 3004 927 3065; x_wconf 87' lang='lat'>1,</span> <span class='ocrx_word' id='word_1_278' title='bbox 948 3019 967 3053; x_wconf 88' lang='lat' dir='ltr'>s.</span> <span class='ocrx_word' id='word_1_279' title='bbox 999 3004 1032 3051; x_wconf 85' lang='lat' dir='ltr'>Iu</span> 
     </span>
     <span class='ocr_line' id='line_1_34' title="bbox 60 3068 596 3131; baseline 0.004 -15"><span class='ocrx_word' id='word_1_280' title='bbox 60 3069 174 3131; x_wconf 77' lang='lat' dir='ltr'>murpine</span> <span class='ocrx_word' id='word_1_281' title='bbox 194 3068 277 3117; x_wconf 83' lang='lat' dir='ltr'>additi</span> <span class='ocrx_word' id='word_1_282' title='bbox 293 3075 351 3116; x_wconf 72' lang='lat' dir='ltr'>sunu</span> <span class='ocrx_word' id='word_1_283' title='bbox 368 3070 394 3118; x_wconf 84' lang='lat' dir='ltr'>iu</span> <span class='ocrx_word' id='word_1_284' title='bbox 412 3084 424 3118; x_wconf 88' lang='lat' dir='ltr'>s</span> <span class='ocrx_word' id='word_1_285' title='bbox 443 3069 469 3118; x_wconf 82' lang='lat' dir='ltr'>bi</span> <span class='ocrx_word' id='word_1_286' title='bbox 487 3072 583 3119; x_wconf 84' lang='lat' dir='ltr'>numeri</span> <span class='ocrx_word' id='word_1_287' title='bbox 588 3087 596 3118; x_wconf 96' lang='lat'><em>:</em></span> 
     </span>
    </p>

    <p class='ocr_par' dir='ltr' id='par_1_7' title="bbox 249 3135 843 3192">
     <span class='ocr_line' id='line_1_35' title="bbox 249 3135 843 3192; baseline 0.007 -8"><span class='ocrx_word' id='word_1_288' title='bbox 249 3135 325 3186; x_wconf 86' lang='lat' dir='ltr'><strong>VIII.</strong></span> <span class='ocrx_word' id='word_1_289' title='bbox 395 3136 468 3186; x_wconf 87' lang='lat' dir='ltr'>XVI.</span> <span class='ocrx_word' id='word_1_290' title='bbox 539 3137 656 3186; x_wconf 87' lang='lat' dir='ltr'>XXIIII.</span> <span class='ocrx_word' id='word_1_291' title='bbox 728 3137 843 3192; x_wconf 88' lang='lat' dir='ltr'>XXXII.</span> 
     </span>
    </p>

    <p class='ocr_par' dir='ltr' id='par_1_8' title="bbox 61 3202 1035 3535">
     <span class='ocr_line' id='line_1_36' title="bbox 260 3202 812 3256; baseline 0.007 -6"><span class='ocrx_word' id='word_1_292' title='bbox 260 3202 310 3255; x_wconf 85' lang='lat' dir='ltr'><strong>III.</strong></span> <span class='ocrx_word' id='word_1_293' title='bbox 403 3202 451 3254; x_wconf 86' lang='lat' dir='ltr'>VI.</span> <span class='ocrx_word' id='word_1_294' title='bbox 549 3205 638 3253; x_wconf 86' lang='lat' dir='ltr'><strong>VIIII.</strong></span> <span class='ocrx_word' id='word_1_295' title='bbox 749 3207 812 3256; x_wconf 83' lang='lat' dir='ltr'>XII.</span> 
     </span>
     <span class='ocr_line' id='line_1_37' title="bbox 62 3266 1034 3336; baseline 0 -19"><span class='ocrx_word' id='word_1_296' title='bbox 62 3271 93 3318; x_wconf 76' lang='lat'>17</span> <span class='ocrx_word' id='word_1_297' title='bbox 115 3266 253 3334; x_wconf 87' lang='lat' dir='ltr'>et-·XVI·]</span> <span class='ocrx_word' id='word_1_298' title='bbox 274 3276 305 3318; x_wconf 89' lang='lat' dir='ltr'>ut</span> <span class='ocrx_word' id='word_1_299' title='bbox 324 3270 403 3319; x_wconf 77' lang='lat' dir='ltr'>XVI·</span> <span class='ocrx_word' id='word_1_300' title='bbox 423 3270 441 3319; x_wconf 84' lang='lat' dir='ltr'>f.</span> <span class='ocrx_word' id='word_1_301' title='bbox 513 3274 544 3322; x_wconf 86' lang='grc'>18</span> <span class='ocrx_word' id='word_1_302' title='bbox 564 3278 626 3321; x_wconf 83' lang='lat' dir='ltr'>octo</span> <span class='ocrx_word' id='word_1_303' title='bbox 646 3272 664 3322; x_wconf 89' lang='lat' dir='ltr'>f.</span> <span class='ocrx_word' id='word_1_304' title='bbox 690 3268 700 3336; x_wconf 74' lang='lat' dir='ltr'>ll</span> <span class='ocrx_word' id='word_1_305' title='bbox 730 3289 790 3323; x_wconf 90' lang='lat' dir='ltr'>sese</span> <span class='ocrx_word' id='word_1_306' title='bbox 810 3289 855 3322; x_wconf 78' lang='lat' dir='ltr'>orn.</span> <span class='ocrx_word' id='word_1_307' title='bbox 876 3288 903 3333; x_wconf 69' lang='grc' dir='ltr'>ος</span> <span class='ocrx_word' id='word_1_308' title='bbox 924 3288 953 3323; x_wconf 87' lang='lat' dir='ltr'>se</span> <span class='ocrx_word' id='word_1_309' title='bbox 973 3273 997 3333; x_wconf 85' lang='lat' dir='ltr'>d,</span> <span class='ocrx_word' id='word_1_310' title='bbox 1013 3286 1034 3317; x_wconf 87' lang='lat' dir='ltr'>r.</span> 
     </span>
     <span class='ocr_line' id='line_1_38' title="bbox 64 3333 1033 3403; baseline 0 -18"><span class='ocrx_word' id='word_1_311' title='bbox 64 3338 95 3386; x_wconf 86' lang='grc'>19</span> <span class='ocrx_word' id='word_1_312' title='bbox 116 3351 132 3384; x_wconf 84' lang='lat' dir='ltr'>a</span> <span class='ocrx_word' id='word_1_313' title='bbox 150 3351 197 3386; x_wconf 79' lang='lat' dir='ltr'>orn.</span> <span class='ocrx_word' id='word_1_314' title='bbox 217 3351 237 3385; x_wconf 89' lang='lat' dir='ltr'>r.</span> <span class='ocrx_word' id='word_1_315' title='bbox 268 3333 279 3401; x_wconf 74' lang='lat' dir='ltr'>ll</span> <span class='ocrx_word' id='word_1_316' title='bbox 309 3338 426 3386; x_wconf 85' lang='lat' dir='ltr'>ternarii</span> <span class='ocrx_word' id='word_1_317' title='bbox 445 3338 465 3386; x_wconf 86' lang='lat' dir='ltr'>f.</span> <span class='ocrx_word' id='word_1_318' title='bbox 535 3342 567 3388; x_wconf 79' lang='lat'>22</span> <span class='ocrx_word' id='word_1_319' title='bbox 587 3340 636 3388; x_wconf 90' lang='lat' dir='ltr'>Hii</span> <span class='ocrx_word' id='word_1_320' title='bbox 654 3355 722 3391; x_wconf 79' lang='lat' dir='ltr'>corr,</span> <span class='ocrx_word' id='word_1_321' title='bbox 741 3343 767 3388; x_wconf 85' lang='lat' dir='ltr'>in</span> <span class='ocrx_word' id='word_1_322' title='bbox 787 3341 840 3388; x_wconf 82' lang='lat' dir='ltr'>HIc</span> <span class='ocrx_word' id='word_1_323' title='bbox 861 3356 885 3388; x_wconf 88' lang='lat' dir='ltr'>o.</span> <span class='ocrx_word' id='word_1_324' title='bbox 910 3335 922 3403; x_wconf 75' lang='lat' dir='ltr'>{l</span> <span class='ocrx_word' id='word_1_325' title='bbox 952 3340 1033 3388; x_wconf 88' lang='lat' dir='ltr'>debe-</span> 
     </span>
     <span class='ocr_line' id='line_1_39' title="bbox 62 3403 1035 3467; baseline 0.001 -16"><span class='ocrx_word' id='word_1_326' title='bbox 62 3403 153 3452; x_wconf 86' lang='lat' dir='ltr'>bimus</span> <span class='ocrx_word' id='word_1_327' title='bbox 172 3417 198 3465; x_wconf 80' lang='lat' dir='ltr'>s3</span> <span class='ocrx_word' id='word_1_328' title='bbox 220 3403 362 3453; x_wconf 87' lang='lat' dir='ltr'>debuimus</span> <span class='ocrx_word' id='word_1_329' title='bbox 380 3413 496 3454; x_wconf 77' lang='lat' dir='ltr'>uiututum</span> <span class='ocrx_word' id='word_1_330' title='bbox 515 3408 541 3455; x_wconf 85' lang='lat' dir='ltr'>in</span> <span class='ocrx_word' id='word_1_331' title='bbox 560 3406 719 3455; x_wconf 85' lang='lat' dir='ltr'>debebimus</span> <span class='ocrx_word' id='word_1_332' title='bbox 740 3423 763 3455; x_wconf 84' lang='lat' dir='ltr'>a.</span> <span class='ocrx_word' id='word_1_333' title='bbox 834 3406 866 3454; x_wconf 79' lang='lat'>23</span> <span class='ocrx_word' id='word_1_334' title='bbox 886 3407 935 3454; x_wconf 90' lang='lat' dir='ltr'>sub</span> <span class='ocrx_word' id='word_1_335' title='bbox 955 3419 1035 3467; x_wconf 72' lang='lat' dir='ltr'>prue-</span> 
     </span>
     <span class='ocr_line' id='line_1_40' title="bbox 61 3468 463 3535; baseline 0 -15"><span class='ocrx_word' id='word_1_336' title='bbox 61 3468 213 3534; x_wconf 86' lang='lat' dir='ltr'>positione]</span> <span class='ocrx_word' id='word_1_337' title='bbox 232 3473 425 3535; x_wconf 82' lang='lat' dir='ltr'>subpressione</span> <span class='ocrx_word' id='word_1_338' title='bbox 445 3474 463 3520; x_wconf 85' lang='lat' dir='ltr'>f.</span> 
     </span>
    </p>
   </div>
   <div class='ocr_carea' id='block_1_5' title="bbox 98 3560 840 3615">
    <p class='ocr_par' dir='ltr' id='par_1_9' title="bbox 98 3560 840 3615">
     <span class='ocr_line' id='line_1_41' title="bbox 98 3560 840 3615; baseline 0.001 -13"><span class='ocrx_word' id='word_1_339' title='bbox 98 3568 229 3606; x_wconf 75' lang='lat' dir='ltr'>nonnus.</span> <span class='ocrx_word' id='word_1_340' title='bbox 822 3560 840 3615; x_wconf 69' lang='grc' dir='ltr'>ξ)</span> 
     </span>
    </p>
   </div>
   <div class='ocr_carea' id='block_1_6' title="bbox 0 0 1210 3922">
    <p class='ocr_par' dir='ltr' id='par_1_10' title="bbox 0 0 1210 3922">
     <span class='ocr_line' id='line_1_42' title="bbox 0 0 1210 3922; baseline 0 0"><span class='ocrx_word' id='word_1_341' title='bbox 0 0 1210 3922; x_wconf 95' lang='lat' dir='ltr'> </span> 
     </span>
    </p>
   </div>
  </div>
 </body>
</html>
