2392 3922
363 160 456 213 INST.
476 159 629 211 ARITHM.
648 160 690 221 11,
709 162 734 212 2.
992 155 1032 220 81

67 331 202 391 binarius
218 347 373 401 numerus,
397 331 446 408 qui
463 347 554 389 unum
571 327 666 389 solum
688 327 901 406 sesqualterum
916 328 1031 407 recipit,

66 415 95 475 id
113 422 158 475 est
173 416 348 483 ternarium,
371 414 507 474 binarius
523 414 601 472 enim
618 419 720 472 contra
738 415 897 471 ternarium
914 429 1033 488 compa-

68 506 151 559 ratus
167 499 377 575 sesqualteram
402 498 491 558 elficit
511 498 745 574 proportionem.
782 495 944 555 Ternarius
964 513 1034 556 vero

69 582 206 660 quoniam
224 584 411 643 medietatem
427 598 487 640 non
503 581 625 657 recipit,
647 596 706 638 non
728 589 772 639 est
793 578 867 638 alter
884 597 1033 649 numerus,

67 667 106 727 ad
122 685 209 745 quem
226 668 385 727 iuratione
401 662 582 743 sesqualtera
599 671 796 742 comparetur.
826 661 1062 731 Quaternariusa

69 770 139 812 vero
161 769 304 811 numerus
327 750 475 810 secundus
497 747 604 827 duplus
624 756 677 808 est.
713 748 767 807 Hio
789 764 860 824 ergo
882 747 955 807 duos
976 765 1036 808 ses-

66 834 219 913 qualteros
234 834 396 912 praecedit.
423 833 474 893 Est
489 835 566 892 eninr
582 832 618 892 ad
634 834 732 909 ipsum
748 831 867 910 quidem
884 849 1038 909 compara·

68 929 118 980 tus
133 921 270 979 senarius
286 935 437 986 numerus,
454 917 489 978 ad
504 918 654 977 senarium
667 933 753 984 vero,
771 918 911 993 quoniam
927 917 1038 976 medie-

70 1010 161 1062 tatem
177 1003 281 1072 babet,
299 1003 488 1070 novenarius,
506 1009 534 1061 et
547 1008 619 1060 suut
633 1001 690 1060 duo
703 998 891 1077 sesqualteri,
909 1000 943 1059 ad
963 1001 1036 1060 ·llll·

69 1085 183 1147 scilicet
197 1087 262 1158 ·Vl·,
280 1086 315 1146 ad
330 1087 384 1146 ·Vl·
397 1104 465 1146 vero
483 1085 594 1153 ·Vllll·;
613 1087 790 1145 novenarius
804 1102 884 1152 vero,
899 1086 1037 1162 quoniam
1052 1099 1077 1138 ιο

68 1171 227 1231 medietate
243 1181 333 1240 caret,
347 1169 383 1230 ab
399 1170 454 1232 bao
470 1170 690 1248 comparatione
705 1167 837 1229 seclusus
849 1177 902 1228 est.
921 1169 1038 1229 Tertius

69 1273 139 1315 vero
156 1254 265 1333 duplex
282 1262 325 1315 est
342 1255 424 1315 ·Vlll·
456 1255 510 1315 llic
532 1273 603 1332 ergo
625 1263 684 1314 tres
706 1253 903 1332 sesqualteros
920 1262 1036 1314 antece·

67 1340 117 1399 dit.
143 1339 338 1416 Comparatur
355 1341 431 1399 enim
448 1339 484 1398 ad
500 1341 597 1418 ipsum
613 1338 812 1399 duodenarius
827 1355 977 1407 numerus,
1000 1338 1036 1398 ad

67 1423 284 1484 duodenarium
303 1424 428 1493 ·XVlll·‚
451 1424 487 1483 ad
506 1422 614 1484 ·XVlll·
631 1440 735 1482 rursus
759 1422 880 1483 ·XXVll·
917 1425 953 1482 At
969 1441 1037 1482 vero

69 1507 192 1569 ·XXVll·
209 1509 307 1568 medio
325 1518 436 1568 carent.
468 1507 550 1568 Idem
574 1524 692 1584 quoque
713 1509 743 1565 in
764 1506 956 1586 sequentibus
972 1518 1077 1567 eve-15

70 1593 134 1652 nire
152 1605 274 1652 necesse·
290 1599 349 1662 est,
372 1592 453 1672 quod
475 1610 529 1651 nos
545 1610 612 1652 cum
628 1592 749 1669 propria
766 1591 952 1652 ordinatione
968 1591 1037 1651 sub-

70 1675 207 1736 didimus.
245 1676 369 1754 Semper
390 1679 470 1737 enim
491 1675 549 1736 hoo
570 1676 665 1736 divina
689 1675 813 1753 quadam
836 1693 891 1735 nec
911 1676 1039 1737 bumana

72 1761 282 1820 constitutione
297 1759 550 1839 speculationibus
565 1761 709 1828 occurrit,
741 1767 772 1820 ut
786 1762 1039 1840 quotienscunque

71 1842 194 1904 ultimus
216 1863 358 1906 numerus
383 1846 546 1913 invenitur,
572 1847 623 1923 qui
642 1844 708 1904 loco
730 1843 855 1922 duplicis
876 1844 912 1905 ab
928 1845 1038 1904 unitate

69 1930 109 1986 sit
135 1946 205 2006 par,
232 1927 296 1987 talis
316 1930 368 1998 sit,
406 1936 439 1989 ut
463 1931 493 1988 in
515 1929 686 1989 medietates
703 1929 789 1989 dividi
810 1932 963 2007 secarique
979 1946 1039 1989 uon
1053 1941 1078 1980 20

68 2012 171 2089 possit.

133 2163 154 2222 1.
244 2164 280 2224 11.
367 2165 432 2225 1111.
521 2166 592 2226 Vlll.
681 2166 753 2226 xva
841 2165 956 2225 XXXll.

243 2266 293 2327 111.
370 2267 414 2326 Vl.
518 2267 581 2328 Xll.
680 2267 797 2327 XXllll.
841 2267 964 2326 XLVlll.

367 2367 453 2428 Vllll.
520 2368 621 2428 111111.
680 2368 804 2429 XXXVI.
843 2368 955 2428 LXXll.

522 2469 633 2530 XXVll.
682 2470 768 2529 Lllll.
845 2469 939 2530 CVlll.
1054 2498 1079 2535 aa

685 2571 809 2632 LXXXl.
844 2569 951 2630 CLXll.

842 2671 986 2733 CCXLlll.

134 2819 215 2881 ldem
232 2823 376 2900 contingit
391 2824 478 2883 etiam
495 2825 525 2881 in
542 2823 715 2901 triplicibus.
753 2823 796 2883 Ex
814 2821 868 2883 illis
885 2825 963 2883 eninr
979 2840 1040 2882 ses-

140 2991 154 3037 1
179 2990 284 3055 recepit
295 3005 317 3042 c.
359 2994 374 3040 9
400 2992 464 3041 Post
487 2992 652 3042 novenarius
671 2993 744 3042 addit
762 2995 805 3041 est
822 2991 980 3053 sesqualter
1000 2992 1019 3041 f.
1034 2988 1041 3054 11

71 3060 204 3120 quattuor
222 3057 252 3120 d,
273 3058 291 3105 f.
363 3061 394 3108 10
413 3058 468 3109 ·VI·
490 3065 517 3108 et
536 3059 571 3108 ad
590 3061 645 3109 ·VI·
665 3060 685 3111 f.
715 3056 727 3125 11
754 3074 929 3110 sereonas.
954 3055 965 3123 11
994 3074 1042 3108 no·

70 3140 133 3174 vem
153 3140 177 3186 a,
196 3125 228 3186 b,
246 3140 267 3177 r.
293 3121 304 3190 11
327 3129 493 3176 novenarius
515 3143 596 3190 supro
619 3143 717 3176 versum
735 3142 756 3175 r.
828 3128 859 3175 15
882 3126 958 3175 Idem
978 3142 1041 3190 quo-

71 3189 135 3256 que]
155 3191 288 3255 Idemque
301 3193 327 3256 d,
347 3194 366 3255 f,
386 3209 415 3255 r;
434 3194 564 3256 Idemque
583 3196 609 3243 io
627 3196 705 3243 lituro
725 3209 750 3242 a.
805 3195 836 3242 16
855 3193 998 3242 subdimus
1018 3209 1041 3244 c.

71 3261 105 3308 20
123 3274 187 3323 par,
208 3256 283 3324 talis]
305 3260 484 3324 particularis
504 3278 533 3324 a;
554 3260 695 3326 partibilis
715 3269 739 3310 et
757 3263 783 3310 io
800 3264 932 3323 maraine:
950 3263 983 3310 In
1003 3259 1040 3310 al.

70 3341 135 3391 par,
156 3326 221 3376 talis
239 3327 266 3380 b.
290 3323 302 3392 11
326 3329 363 3376 sit
380 3333 411 3376 ut
428 3344 508 3392 supro
525 3345 623 3380 oeream
640 3345 778 3380 scemam
796 3330 822 3382 b.
847 3324 860 3394 11
883 3343 937 3376 non
955 3329 1043 3392 possit

68 3408 123 3443 see.
135 3410 210 3442 manu
223 3410 247 3443 a.
288 3397 319 3443 ‘21
334 3396 400 3445 Post
411 3396 498 3460 possit
510 3399 599 3447 addit:
618 3401 648 3446 ut
661 3397 789 3446 subiecta
802 3394 927 3445 declaret
940 3395 1042 3444 deseri·

70 3461 131 3524 ptio
150 3461 306 3512 huiusmodi
324 3478 350 3525 r,
369 3467 400 3511 nt
413 3464 540 3513 subiecta
555 3463 707 3528 descriptio
719 3464 843 3514 declarat
861 3477 882 3510 s.

123 3558 254 3598 noenius.
823 3551 843 3609 e,
