2392 3922
374 152 467 206 INST.
486 152 639 205 ARITHM.
658 154 699 216 Π,
718 155 744 204 6.
1003 151 1043 216 91

71 322 175 401 anguli
197 323 371 394 dilatantur,
394 329 427 382 ut
447 324 485 381 sit
507 323 622 400 primus
642 319 804 397 triangulus
821 339 974 392 numerus,
997 342 1043 383 se·

71 407 190 468 cundus
212 409 385 485 quadratus,
409 409 514 468 tertius
535 408 586 483 qui
605 405 661 465 sub
677 406 806 483 quinque
821 405 934 482 angulis
949 409 1042 466 conti·

74 500 179 563 netur,
202 510 288 570 quem
311 500 512 570 pentagonum
530 491 634 550 Gracci
650 491 817 558 nominant,
840 499 962 567 quartus
977 509 1044 550 exa·

71 594 185 654 genus,
208 577 236 637 id
258 578 372 655 estqui
393 594 445 636 sex
467 572 583 651 angulis
598 572 757 633 includitur
779 580 808 632 et
828 576 920 634 ceteri
941 575 1045 635 eodem

74 661 164 720 modo
189 659 357 737 singillatim
386 679 441 736 per
468 656 635 719 naturalem
661 658 817 716 numerum
845 659 968 735 angulos
994 673 1070 719 auc

71 752 163 822 geant
183 745 213 804 in
235 744 323 824 plana
347 742 459 803 scilieet
484 743 680 818 descriptione
702 742 874 818 figurarum.
919 743 955 802 lli
976 760 1045 802 vero

75 829 188 888 idcirco
210 849 226 888 a
247 830 380 888 ternario
403 845 528 886 numero
550 825 703 894 inchoant,
733 825 812 904 quod
836 825 997 886 latitudinis
1018 834 1047 885 et

76 914 243 989 superficiei
263 912 345 972 solus
366 912 513 971 ternarius
535 911 712 988 principium
735 918 788 969 cst.
833 911 866 970 ln
883 913 1045 986 geometria

71 1014 196 1074 quoque
217 996 296 1055 idem
312 995 428 1074 planius
442 997 596 1055 invenitur.
642 994 723 1053 Duae
740 995 817 1053 enim
834 993 929 1055 lineae
945 1002 1045 1055 rectae

72 1083 202 1156 spatium
226 1098 284 1140 non
307 1081 466 1140 continent.
512 1079 548 1138 Et
569 1079 665 1138 omnis
687 1077 874 1156 triangularis
890 1081 983 1156 figura
1000 1079 1045 1140 vel
1060 1093 1085 1130 10

72 1167 222 1240 tetragoni
249 1163 294 1224 rel
321 1165 481 1242 pentagoni
509 1162 553 1222 vel
581 1165 706 1240 exagoni
728 1161 772 1219 vel
793 1161 962 1234 cuiuslibet,
995 1165 1045 1240 uui

73 1247 212 1325 pluribus
233 1246 348 1323 angulis
369 1249 552 1317 continetur,
575 1249 598 1306 si
621 1265 636 1306 a
659 1247 816 1307 medietate
837 1265 891 1326 per
914 1247 1044 1325 singulos

73 1331 197 1409 angulos
218 1331 313 1392 lineae
334 1333 553 1409 producantur,
585 1339 629 1391 tot
651 1350 717 1390 eum
740 1331 872 1391 dividunt
893 1331 1041 1408 trianguli,

72 1424 145 1494 quot
173 1418 268 1493 ipsam
297 1418 422 1493 figuram
450 1415 573 1494 angulos
603 1415 714 1476 hahere
743 1417 908 1492 contigerit.
964 1415 1041 1487 Qua·

69 1501 191 1560 dratum
219 1503 296 1560 enim
330 1503 368 1561 ita
397 1501 503 1561 ductae
529 1499 625 1560 lineae
650 1500 682 1558 in
713 1507 865 1578 quattuor,
899 1508 1080 1578 pertago-15

72 1602 144 1644 num
166 1586 196 1644 in
224 1587 354 1664 quinque
383 1583 561 1662 triangulos
592 1602 758 1662 exagonum
780 1585 810 1642 iu
842 1603 892 1644 sex
914 1593 944 1645 et
965 1593 1042 1644 cete·

72 1686 122 1727 ros
143 1670 174 1727 in
195 1687 317 1729 suorum
339 1668 514 1747 angulorum
537 1669 625 1729 modo
655 1685 852 1746 mensuraque
876 1686 929 1745 per
951 1670 1041 1729 trian-

67 1752 157 1830 gulos
183 1755 366 1831 partiuntur,
394 1763 427 1813 ut
456 1762 501 1813 est
521 1752 653 1813 subiecta
677 1753 853 1830 descriptio:
884 1753 1043 1831 quadratus

70 1838 101 1895 in
132 1843 271 1913 quattuor
299 1838 462 1915 triangulos
492 1837 615 1905 divisus,
736 1862 812 1869 --
899 1846 1041 1915 pentago-

650 1861 862 2280 Μ

69 2394 128 2436 nus
158 2377 188 2435 in
217 2378 241 2436 V
270 2375 434 2453 triangulos
464 2378 582 2448 divisus,
642 2348 742 2641 ss

137 3141 319 3204 2·V·a,b,1.
371 3141 673 3207 csingulatima,c,s.
724 3141 1040 3206 8geomctricua,c‚d‚

67 3208 87 3268 l,
101 3224 122 3272 r,
137 3223 160 3258 s.
213 3211 229 3258 9
243 3209 316 3258 enim
328 3224 375 3262 om.
389 3224 415 3258 a.
471 3212 502 3260 10
516 3211 637 3275 spatium
649 3210 808 3261 latitudinis
821 3229 842 3265 s.
858 3208 871 3278 ll
885 3210 1040 3275 triangula-

68 3289 115 3326 res
128 3292 152 3324 o.
170 3272 182 3342 ll
198 3275 287 3342 figure
299 3293 346 3327 om.
361 3292 385 3338 c,
399 3276 503 3341 figurae
516 3293 539 3330 s.
575 3280 605 3326 ll
620 3276 678 3346 qui]
695 3293 765 3342 quoe
780 3295 802 3328 c.
840 3282 872 3330 16
887 3277 1040 3342 triangulos

65 3359 116 3394 om.
124 3359 150 3405 a,
159 3344 187 3406 d,
195 3345 214 3394 f.
251 3345 283 3394 18
294 3344 444 3408 quadratus
454 3341 518 3410 etc]
534 3345 611 3395 Hanc
624 3354 648 3396 et
657 3355 793 3410 sequentes
804 3348 984 3410 inamiptiones
993 3361 1039 3394 om.

64 3409 99 3469 d,
118 3410 144 3473 Ἐς
161 3414 247 3476 primu
264 3419 347 3477 tamen
364 3413 508 3463 oidelerio
527 3413 544 3461 d
561 3429 656 3462 rasura
673 3429 729 3462 esee
747 3415 844 3473 deleto,
864 3415 876 3463 i
892 3415 980 3462 addit:
998 3417 1041 3459 te-

65 3482 197 3544 tragona.
250 3480 282 3529 19
299 3478 482 3544 pentagonus]
500 3481 620 3544 Ft'puram
633 3484 775 3545 pentagoni
790 3482 917 3546 reputaris
928 3479 1004 3533 kabel
1017 3491 1038 3528 a.
