2392 3922
149 153 192 219 34
446 153 539 204 ausu.
558 153 709 204 aarrrau.
728 154 769 217 11,
788 157 812 213 a,
861 151 873 163 ’·

153 327 231 385 euim
248 324 357 402 duplex
375 343 411 384 ex
425 321 608 400 sesqualtera
625 323 1078 400 sesquitertioquecomponitur
1096 332 1127 384 et

152 411 247 469 amuis
263 409 428 487 sesqualter
445 416 474 468 et
495 408 699 486 sesquitertius
718 407 866 484 duplicem
882 408 1016 483 iungunt.
1049 407 1125 468 Nam

151 495 298 554 ternarius
313 492 480 571 sesqualter
495 501 540 553 est
556 492 697 559 duorum,
720 499 860 571 quattuor
876 509 945 551 vero
960 492 1126 567 sesquiter-

150 579 208 639 tius
223 579 360 648 ternarii,
380 577 432 637 sed
450 577 522 637 ·lIll·
542 575 649 653 duplus
665 576 801 636 duorum.

597 673 678 726 duplus

126 785 139 825 a
417 726 858 822 (ΓἾΓἿ

155 967 202 1026 Sic
218 967 308 1042 igitur
323 963 489 1042 sesqualter
505 971 534 1022 et
552 963 757 1040 sesquitertius
774 982 864 1023 uuum
879 962 1027 1044 duplicem
1044 982 1125 1023 com-

153 1059 277 1129 ponunt.
308 1052 343 1110 At
358 1066 428 1108 vero
451 1050 475 1107 si
496 1046 605 1107 luerint
623 1046 765 1106 medietas
786 1055 816 1106 et
831 1048 953 1125 duplus,
976 1049 1054 1108 iuter
1071 1048 1125 1108 du·

152 1135 261 1214 plicem
279 1143 307 1193 et
328 1132 457 1192 medium
475 1138 572 1211 potest
588 1148 643 1190 uua
657 1130 800 1191 medietas
815 1131 881 1192 talis
896 1133 1030 1202 inveniri,
1048 1151 1126 1212 quae

153 1219 189 1277 ad
206 1215 327 1278 alteram
345 1218 558 1276 extremitatem
582 1213 763 1293 sesqualtera
784 1217 834 1285 sit,
859 1217 895 1276 ad
916 1216 1038 1277 alteram
1061 1236 1125 1278 ses·

115 1325 140 1363 10
154 1302 302 1380 quitertia.
334 1300 513 1362 altrinsecus
530 1301 608 1360 euim
624 1300 726 1378 positis
742 1301 858 1360 senaria
876 1310 904 1360 et
919 1301 1066 1368 ternario,
1093 1301 1124 1361 id

155 1392 200 1444 est
215 1384 323 1462 duplici
349 1391 377 1445 et
393 1385 563 1452 medietate,
588 1385 613 1444 si
636 1385 842 1463 quaternarius
864 1385 893 1445 in
910 1385 1007 1446 medio
1023 1383 1125 1445 coule-

155 1476 255 1538 cetur,
294 1470 329 1529 ad
359 1472 524 1530 ternarium
556 1486 713 1529 numerum
745 1470 962 1544 sesquitertiam
993 1471 1126 1531 continet

155 1554 315 1623 rationem,
334 1555 370 1615 ad
386 1555 534 1614 senarium
552 1571 622 1613 vero
639 1552 859 1632 sesqualteram.

596 1650 675 1702 duplus

424 1815 835 1850 vv

455 1852 605 1903 sesquitertius
681 1851 802 1915 sesqualter

115 1965 139 2004 15
216 1939 307 2001 Recte
324 1942 413 2018 igitur
429 1939 540 1999 dictum
554 1948 605 2006 est,
624 1945 652 1999 et
668 1936 815 2015 duplicem
832 1956 847 1996 a
863 1935 1045 2014 sesqualtera
1062 1955 1124 1998 ses-

154 2025 352 2102 quitertioque
375 2026 515 2100 coniungi
538 2030 566 2083 et
587 2024 640 2082 has
663 2023 736 2082 duas
758 2020 1037 2100 superparticularis
1056 2039 1128 2100 spe-¹

153 2111 213 2169 cies
229 2107 376 2187 duplicem
394 2125 571 2188 procreare,
589 2107 617 2166 id
634 2114 678 2166 est
693 2108 818 2184 primam
835 2107 963 2184 speciem
980 2105 1124 2184 multipli-

152 2195 194 2252 cis
210 2193 389 2270 quantitatis.
422 2192 536 2251 Rursus
561 2209 596 2249 ex
616 2193 711 2268 prima
729 2188 899 2267 multiplicis
920 2190 1020 2266 specie
1034 2191 1064 2250 id
1081 2198 1127 2251 est

154 2295 188 2335 ex
213 2274 323 2354 duplici
345 2284 374 2334 et
397 2277 492 2353 prima
514 2272 796 2351 superparticularis
816 2275 845 2333 id
868 2281 911 2335 est
932 2274 1125 2352 sesqualtera,

113 2354 307 2426 20ccutiueus
338 2355 508 2435 multiplicis
537 2360 651 2434 species
681 2358 711 2416 id
742 2365 786 2417 est
814 2358 900 2434 tripla
924 2360 1122 2436 coniungitur.

152 2443 285 2520 Namque
303 2442 374 2502 ·Xll·
394 2442 502 2502 senarii
518 2443 635 2500 numeri
649 2441 756 2521 duplus
770 2451 829 2511 est,
848 2443 893 2502 -x-
910 2461 980 2502 vere
996 2450 1025 2502 et
1039 2444 1122 2504 -vtll-

62 2583 67 2598 ,
152 2527 188 2586 ad
210 2526 425 2586 duodenarium
448 2523 626 2602 sesqualter,
658 2529 708 2604 qui
730 2528 766 2587 ad
793 2531 942 2589 senarium
964 2544 1124 2588 numerum

149 2610 260 2690 triplus
276 2620 328 2671 est.

584 2691 609 2731 tri
626 2691 660 2731 lus

378 2702 915 2839 uela-*aur

382 2858 888 2944 ππ

220 3014 236 3061 4
256 3017 373 3075 quatuor
391 3013 424 3071 b,
445 3017 572 3076 quattuor
591 3012 622 3075 d,
641 3011 661 3062 f.
765 3014 781 3061 6
799 3011 828 3060 si
851 3019 970 3060 mutatum
987 3012 1013 3060 in
1032 3009 1079 3060 Sic
1098 3027 1123 3060 a.

153 3083 168 3130 7
188 3080 274 3128 fuerit
292 3080 316 3143 f,
334 3079 353 3130 l.
441 3078 524 3144 asir]
542 3080 573 3130 fit
592 3096 617 3143 a,
636 3080 662 3142 b,
681 3096 702 3137 r,
721 3094 743 3131 s.
826 3080 857 3128 12
877 3081 989 3128 tertium
1007 3094 1078 3132 corr,
1096 3081 1124 3128 in

152 3148 305 3197 ternarium
324 3164 349 3197 a.
447 3148 601 3198 radiatum
622 3152 664 3197 est
681 3163 728 3198 om.
747 3146 773 3195 d.
884 3147 915 3196 18
934 3146 1085 3210 multiplici
1097 3146 1125 3196 (1.

155 3217 186 3264 19
206 3215 456 3279 superparticulari
469 3231 494 3276 a,
508 3233 533 3278 r;
554 3232 614 3266 secc
626 3231 695 3266 corr.
710 3215 833 3264 additos.
856 3208 869 3278 ll
893 3215 1093 3279 sesqualteram
1104 3214 1123 3262 f.

153 3284 186 3332 20
205 3282 354 3347 multiplici
372 3299 441 3333 corr.
459 3286 485 3332 ia
504 3283 667 3348 multiplicis
687 3297 712 3331 a.
735 3278 747 3346 Η
772 3281 915 3346 coniungit
934 3299 958 3330 c.
1007 3284 1038 3331 21
1059 3281 1125 3330 duo-

155 3349 276 3399 decimus
295 3366 322 3412 c,
342 3351 487 3401 duodecim
506 3351 537 3414 d,
558 3352 577 3413 f,
597 3350 614 3403 l.
640 3345 652 3415 ΙΙ
674 3351 780 3398 numeri
798 3364 845 3399 ora.
865 3364 885 3398 s.
909 3345 922 3415 ss
946 3348 1030 3414 dupla
1050 3364 1079 3409 a,
1099 3349 1124 3408 f3

156 3417 241 3482 dupla
260 3425 286 3467 ct
307 3435 389 3483 supra
407 3435 424 3468 a
442 3434 474 3467 us
492 3418 517 3477 d,
537 3435 562 3474 r;
587 3417 685 3482 duplus
710 3424 736 3466 et
757 3431 837 3479 supra
859 3415 1053 3480 ceraumlpla
1072 3414 1125 3480 b.l1

153 3485 247 3536 decem
267 3502 332 3537 vero
353 3492 380 3536 et
400 3490 463 3537 octo
482 3486 509 3547 b,
529 3485 555 3549 d,
575 3486 595 3534 f.
