2392 3922
372 161 465 214 mss.
484 159 639 211 tamnu.
657 158 683 215 1,
703 159 744 208 1⁷.
1002 156 1045 220 33

72 336 258 414 compositus
271 334 308 394 sit
319 339 345 392 ct
356 331 505 392 secundus
522 336 550 388 et
566 327 686 389 alterius
699 331 846 408 recipiens
859 333 1043 395 mensionem

73 429 165 500 atque
180 419 248 478 idco
264 427 292 478 et
307 418 398 496 partis
413 414 503 476 alieni
518 411 654 472 vocabuli
674 429 781 492 capax,
804 417 855 477 sed
871 434 939 478 oum
955 416 1045 476 luerit

73 507 112 566 ad
139 503 227 564 alium
251 501 382 562 eiusdem
407 499 527 577 generis
549 514 705 557 numerum
733 510 935 579 comparatus,
966 499 1043 562 nulla

75 608 144 650 cum
174 607 209 649 eo
238 587 389 648 communi
415 600 554 643 mensura
582 582 783 659 coniungitur;
814 602 870 646 nec
894 586 1045 647 habebunt

74 681 176 754 partes
197 674 386 752 aequivocam
411 677 444 727 ut
464 674 533 726 sunt
554 666 651 726 ·Vllll·
674 667 711 727 ad
736 668 830 730 XXV·
884 669 970 730 Nulla
991 672 1071 730 bosa

74 759 242 819 communis
256 770 453 817 numerorum
470 769 607 812 mensura
622 754 759 822 metitur,
777 756 833 814 nisi
847 754 925 814 sorte
939 758 1044 824 unitas,

75 862 154 923 quae
174 843 308 902 omnium
324 854 516 899 numerorum
532 853 668 897 mensura
686 841 851 899 communis
867 846 920 900 est.
966 839 1003 899 Et
1017 838 1047 897 lri

78 928 198 1005 quidem
229 942 289 983 non
318 922 428 984 babent
453 923 626 998 aequivocas
652 931 761 1000 partes.
812 925 888 986 Nam
913 940 989 1001 quae
1017 923 1048 1004 in

79 1011 182 1071 ·Vllll·
199 1010 284 1069 tcrtia
306 1018 363 1073 est,
394 1008 422 1065 in
446 1006 541 1068 XXV·
564 1015 702 1078 nonest,
735 1018 764 1068 et
790 1027 864 1087 qnae
892 1018 923 1069 tn
951 1007 1046 1069 XXV·

79 1096 183 1174 quinta
200 1101 256 1161 est,
282 1093 310 1151 in
326 1093 484 1152 novenario
505 1109 565 1151 non
587 1100 640 1152 est.
685 1093 764 1169 Ergo
786 1093 816 1153 bi
836 1112 891 1173 per
913 1101 1047 1154 naturam
1063 1105 1088 1142 10

78 1181 198 1255 utrique
213 1176 333 1237 secundi
348 1183 378 1237 et
394 1177 549 1254 compositi
570 1185 652 1245 sunt,
681 1179 842 1256 comparati
863 1196 933 1240 vero
957 1179 993 1238 ad
1016 1195 1047 1237 se

76 1264 203 1322 invicem
219 1263 308 1340 primi
322 1261 571 1339 incompositique
593 1260 774 1331 redduntur,
801 1265 880 1340 quod
905 1271 1047 1340 utrosque

76 1346 157 1407 nulla
180 1345 234 1406 alia
250 1363 389 1407 mensura
405 1347 542 1414 metitur,
566 1347 619 1405 nisi
635 1347 746 1416 unitas,
769 1365 844 1424 quae
860 1347 898 1408 ab
913 1350 1046 1425 utrisque

76 1432 265 1492 denominata
291 1437 348 1499 est;
378 1447 447 1490 nam
469 1431 500 1489 in
520 1431 682 1490 novenario
704 1448 782 1490 nona
807 1440 865 1502 est,
896 1434 925 1491 in
950 1432 1045 1492 XXV·

75 1517 214 1576 vicesima
230 1518 342 1594 quinta.
1062 1525 1087 1566 15

77 1708 121 1762 De
143 1711 233 1777 primi
258 1714 284 1762 et
311 1709 492 1778 incompositi
521 1712 548 1760 et
577 1709 698 1762 secundi
726 1713 753 1763 et
779 1710 928 1778 compositi
953 1714 980 1761 et
1010 1709 1050 1762 ad

77 1807 109 1847 sc
129 1794 241 1863 quidem
257 1793 380 1847 secundi
394 1798 421 1847 et
436 1794 597 1860 compositi,
627 1793 667 1846 nd
691 1795 815 1848 citernm
836 1808 904 1848 nero
917 1794 1007 1862 primi
1020 1799 1048 1846 ct

356 1878 537 1945 incompositi
555 1880 769 1946 procreatione.

146 2019 232 2082 XVII.
277 2022 434 2083 Generatio
462 2029 560 2081 autem
581 2023 714 2098 ipsorum
736 2030 824 2100 atque
846 2029 929 2079 ortus
949 2021 1050 2079 buius-

79 2106 161 2166 modi
176 2107 401 2182 investigatione
423 2104 593 2183 colligitur,⁴
610 2122 698 2182 quam
713 2105 825 2166 scilicet
840 2104 1050 2165 Eratosthenes
1065 2116 1090 2155 20

79 2189 212 2251 cribrum
243 2191 429 2260 nominabat,
461 2190 541 2271 quod
572 2192 687 2250 cunctis
716 2189 868 2268 inparibus
898 2190 928 2250 in
954 2188 1051 2249 medio

79 2274 241 2336 conlocatis
270 2293 324 2353 per
353 2295 418 2337 eam
447 2294 537 2356 quam
567 2275 704 2336 tradituri
730 2293 832 2336 sumus
860 2281 970 2344 artem,
1002 2274 1050 2353 qui

80 2361 169 2438 primi
190 2363 275 2438 quive
297 2361 418 2421 secundi
439 2363 548 2442 quique
571 2362 651 2420 tertii
673 2363 792 2440 generis
812 2361 964 2421 videantur
985 2377 1050 2421 esse

80 2444 280 2523 distinguitur.
319 2446 520 2525 Disponantur
534 2448 614 2507 enim
630 2464 646 2506 a
662 2447 792 2507 ternario
808 2463 934 2507 numero
951 2445 1049 2506 cuncti

79 2530 111 2588 in
134 2530 268 2591 ordinem
289 2532 410 2609 inpares
430 2533 461 2590 in
481 2530 644 2611 quamlibet
664 2531 863 2610 longissimam
884 2532 1049 2610 porrectio·
1063 2543 1088 2582 25

80 2631 159 2675 nem.
210 2614 258 2676 lll.
292 2617 324 2675 V.
357 2615 415 2676 Vll.
449 2616 609 2677 Vllll.X1.
637 2616 711 2677 Xlll.
739 2616 798 2677 XV.
822 2615 908 2677 XVll.
935 2615 1048 2677 XVllll.

79 2698 155 2758 XXl.
192 2699 292 2760 XXlll.
330 2700 414 2761 XXV.
452 2700 563 2762 XXVII.
599 2701 738 2762 XXVllll.
777 2700 878 2761 XXXl.
920 2700 1048 2761 XXXlll.

150 2887 163 2933 1
185 2889 229 2934 est
241 2886 266 2947 f;
287 2887 323 2935 sit
336 2893 360 2936 et
371 2902 452 2950 snpra
463 2903 561 2937 uersum
574 2890 617 2936 est
630 2901 651 2936 s.
673 2882 686 2953 ss
706 2889 879 2938 mansionem
893 2902 916 2936 c.
971 2889 986 2936 2
1006 2903 1051 2938 cs-

79 2968 136 3017 pax
155 2957 197 3002 est
215 2968 237 3005 s.
298 2953 449 3003 thabebit
466 2970 487 3006 r.
547 2955 705 3017 8Namquc
725 2971 752 3018 a,
770 2954 788 3006 l.
848 2957 880 3004 14
897 2970 961 3004 nam
978 2969 1049 3018 quse

80 3020 106 3081 f,
126 3035 153 3081 ες
180 3036 251 3084 quae
273 3037 354 3085 snpra
371 3037 468 3072 versum
484 3037 535 3073 sce.
553 3038 584 3075 m.
604 3021 634 3084 ἀς
659 3036 723 3072 nam
742 3036 809 3085 que,
836 3024 942 3084 lineola,
967 3039 1050 3087 qnne

79 3090 107 3137 in
130 3102 164 3137 as
187 3095 311 3149 mittatur,
339 3105 428 3149 crasa,
447 3090 470 3152 l;
502 3105 566 3139 nam
593 3105 675 3154 snpra
696 3105 808 3152 versum,
837 3104 909 3152 quae
937 3091 1050 3141 secunda

79 3171 154 3205 rnonn
173 3158 303 3210 additor.
375 3160 406 3209 16
424 3157 566 3222 Inscriptio
588 3159 615 3206 in
637 3160 750 3222 margine
768 3158 860 3222 lapiton
880 3161 907 3208 in
929 3157 955 3210 d.
981 3155 992 3223 ΙΙ
1024 3162 1053 3208 et

80 3224 197 3274 secundi
217 3229 245 3274 et
264 3228 408 3290 compositi
426 3242 473 3278 om.
491 3241 518 3286 c,
537 3226 567 3288 d,
587 3225 610 3288 l‚
628 3241 655 3288 r,
675 3239 701 3290 s;
720 3241 801 3292 snpra
818 3242 916 3276 versum
934 3226 960 3276 b.
978 3223 989 3290 ll
1010 3225 1052 3274 in·

79 3293 229 3356 compositi
247 3297 275 3344 ot
294 3295 409 3345 secundi
427 3298 455 3344 et
473 3310 519 3345 om.
539 3310 564 3346 a.
636 3294 667 3342 17
687 3299 715 3343 et
734 3293 853 3343 alterum
871 3295 897 3345 b.
927 3289 938 3357 ΙΙ
969 3292 1053 3342 alter·

80 3363 170 3410 uirum
191 3376 213 3411 c.
244 3357 255 3427 ll
288 3378 355 3413 vero
378 3378 426 3416 om.
444 3361 462 3412 l.
533 3363 564 3411 21
583 3362 740 3411 nominavit
758 3362 778 3414 f,
852 3363 885 3410 22
904 3375 986 3423 quam
1005 3375 1052 3408 om.

81 3442 112 3490 a,
131 3442 159 3493 13
181 3444 261 3492 snpra
279 3446 377 3481 ocrsnm
395 3430 420 3480 d.
491 3431 524 3480 23
543 3428 624 3493 quive
643 3429 721 3478 tertii
740 3444 770 3492 a,
791 3442 819 3488 c,
840 3442 863 3481 s.
890 3423 902 3491 ll
936 3440 996 3476 esse
1014 3424 1054 3474 vi·

81 3494 199 3545 deantur
217 3512 239 3550 s.
308 3501 344 3548 24
361 3497 569 3562 distinguuntur
587 3512 608 3546 r.

115 3594 247 3635 somus.
685 3625 687 3631 .
841 3581 862 3638 ’ὂ
