2392 3922
376 125 465 177 uso.
484 125 635 176 anrrnu.
654 125 681 184 1,
701 128 726 180 o.
997 123 1037 189 19

64 299 153 359 xima.
185 299 219 358 ln
242 296 300 357 hoo
319 296 422 371 Igitur,
450 296 590 373 quoniam
617 311 705 371 pares
729 293 936 372 dispositiones
955 303 1033 364 sunt,

63 401 122 443 uua
152 381 293 442 medietas
318 397 376 441 non
403 385 501 457 potest
522 379 656 437 inveniri.
688 377 763 438 Sunt
783 380 872 455 igitur
894 380 982 448 duas,
1005 380 1035 440 id

64 476 110 528 est
125 465 217 526 -vtti
234 473 263 527 et
279 464 373 525 ·XVI·
390 482 466 542 quae
486 462 720 523 considerandae
741 472 823 531 suut,
845 464 1035 543 quemadmo-

66 553 136 611 dum
152 551 232 627 ipsae
248 549 305 611 sibi
321 548 531 628 respondeant.
563 546 666 605 Totius
682 546 760 605 enim
776 563 921 617 summae,
943 548 974 608 id
990 559 1035 613 est

65 634 230 696 dxxviii·
262 641 363 695 octaua
397 648 467 708 pars
497 637 541 690 est
568 629 679 696 ·XVI·,
712 631 905 691 sextadecima
937 633 1061 694 itit-⁵

63 721 177 781 Rursus
201 737 291 798 super
317 719 371 777 has
398 723 498 794 partes
520 733 594 793 quae
616 724 700 783 sunt,
732 716 813 794 ipsae
834 715 889 775 sihi
909 717 1034 779 invicem

64 804 304 883 respondebunt,
336 801 364 860 id
394 807 439 861 est
465 799 603 860 XXXII·
632 808 662 860 et
685 799 768 861 titt·
799 800 871 861 Nam
895 800 1035 861 ·XXXII·

64 896 169 968 quart-a
201 905 272 966 pars
311 892 356 946 est
383 887 471 945 totius
499 903 645 955 summae,
680 884 763 946 issi·
791 903 860 945 vero
886 886 1035 945 tricesima

64 973 206 1032 secunda.
238 971 353 1031 Rursus
380 987 470 1046 super
485 969 537 1031 has
553 977 653 1048 partes
670 969 804 1030 ·LXllIl·
821 970 951 1030 secunda
968 988 1037 1047 pars

66 1065 125 1124 est,
145 1055 201 1115 dl·
219 1073 288 1115 vero
303 1057 483 1132 sexagesima
497 1063 617 1131 quarta;
634 1055 730 1115 donee
744 1057 943 1117 extremitates
958 1054 1036 1115 iimi·
1050 1075 1075 1113 ro

65 1149 123 1200 tem
141 1139 261 1208 famant,
281 1157 353 1218 quas
368 1138 491 1200 dubtum
505 1157 564 1199 uon
580 1148 625 1200 est
637 1141 740 1201 eadem
756 1142 951 1218 responsione
964 1158 1036 1218 gau-

63 1225 144 1284 dere.
182 1223 234 1283 Est
264 1225 342 1284 enIm
373 1227 470 1284 omnis
497 1243 610 1284 summa
633 1224 726 1286 semel
749 1225 932 1296 ·CXXVIII·,
957 1243 1035 1286 unus

63 1326 132 1370 vero
149 1309 328 1369 centesimus
345 1309 499 1369 vicesimus
515 1315 643 1369 octavus.

126 1395 157 1454 Si
173 1401 271 1454 autem
287 1394 407 1471 inpares
422 1394 565 1453 termtnos
578 1412 736 1471 ponamus,
754 1395 781 1454 id
796 1401 839 1455 est
851 1413 980 1456 summas
992 1429 1034 1438 -

62 1477 140 1538 idem
156 1479 236 1538 enim
258 1480 402 1538 terminos
424 1478 502 1558 quod
525 1496 655 1538 summas
677 1481 798 1539 nomino
814 1513 855 1522 -—
870 1478 1032 1538 seeundum
1048 1500 1073 1540 rs
1079 1501 1085 1548 J

63 1565 175 1641 inparis
195 1571 331 1624 naturam
355 1571 452 1640 potest
473 1580 531 1623 una
554 1562 696 1623 medietas
718 1564 842 1623 inveuIri
863 1570 949 1642 atque
970 1565 1034 1640 ipsa

63 1665 120 1707 uua
140 1646 195 1707 sibi
212 1656 257 1708 est
272 1664 461 1725 responsura.
493 1648 524 1707 Si
541 1649 617 1707 enim
639 1656 767 1726 ponatur
790 1647 837 1708 hio
857 1648 930 1708 ordo
957 1648 979 1708 1.
996 1646 1032 1707 ΙΙ.

61 1731 121 1791 titt.
137 1731 205 1792 vtu.
220 1730 291 1790 XVI.
308 1730 423 1791 XXXII.
445 1730 557 1791 LXlllI.
587 1749 645 1791 una
667 1734 723 1792 erit
744 1730 806 1791 sola
829 1732 982 1801 medietas,
1004 1732 1032 1792 id

62 1823 106 1876 est
123 1815 210 1882 vlit..
228 1818 278 1891 qui
302 1815 375 1876 vltt.
398 1833 531 1875 summae
552 1816 640 1874 totius
656 1833 724 1893 pars
741 1823 786 1914 est
801 1825 916 1884 octava,
933 1824 963 1876 et
978 1816 1035 1876 sibi

61 1900 121 1974 ipsi
143 1898 179 1958 ud
202 1898 472 1957 denominationem
489 1899 739 1976 quantitatemque
756 1901 946 1958 convertitur.
979 1899 1034 1957 Eo·
1048 1921 1074 1959 oo

65 1983 195 2060 demque
211 1981 300 2040 modo
316 1982 393 2040 sieut
407 1982 545 2057 superius
561 1982 638 2041 cirea
654 1983 751 2058 ipsum
768 1984 819 2058 qui
835 1988 903 2040 sunt
918 1982 1036 2041 termini

64 2068 179 2127 donant
194 2064 250 2124 sibi
266 2074 367 2125 mutua
390 2064 689 2126 nomina-secundum
705 2066 843 2144 proprias
858 2067 1037 2143 quantitates

62 2149 300 2229 vocabulumque
330 2158 508 2227 permutant.
539 2149 613 2210 Nam
642 2148 723 2209 iul·
748 2149 945 2210 sextadeciura
967 2167 1036 2226 pars

62 2245 108 2296 est
124 2237 212 2296 totius
233 2252 384 2302 summae,
409 2235 502 2296 XVI·
526 2253 597 2294 vero
618 2244 732 2314 quarta.
762 2235 799 2296 Et
820 2251 923 2295 rursus
944 2253 1035 2314 super

62 2321 206 2381 termInos
227 2319 281 2380 hos
310 2319 447 2380 XXXII·
475 2319 605 2381 secunda
626 2337 694 2397 pars
716 2328 760 2381 est
781 2322 871 2380 totins
889 2338 1032 2391 summae,
1047 2342 1072 2382 rs

64 2405 110 2465 di·
126 2422 196 2464 vero
213 2406 361 2465 tricesima
377 2404 521 2472 seeunda;
546 2412 575 2464 et
590 2404 682 2465 semei
698 2415 758 2467 tota
775 2424 890 2466 summa
909 2405 1032 2467 titut-

62 2500 148 2557 sunt,
171 2489 351 2566 sexagesIma
376 2497 480 2569 quarta
505 2506 573 2550 vero
596 2491 694 2550 unitas
709 2492 867 2552 invenitur.
897 2491 961 2551 Hoc
979 2492 1032 2569 Igi-

63 2585 110 2633 tur
126 2581 185 2643 est,
209 2573 288 2652 quod
305 2573 413 2634 dictum
431 2582 488 2644 est,
511 2592 614 2634 omnes
631 2577 693 2636 eius
709 2584 808 2654 partes
824 2583 853 2636 et
869 2577 988 2636 nomine
1005 2587 1034 2637 et

61 2660 225 2738 quantitate
241 2660 353 2736 pariter
369 2676 455 2736 pares
470 2659 603 2719 inveniri.

60 2829 168 2892 itemque
191 2829 216 2876 in
241 2830 297 2885 sjn
315 2831 442 2892 rrrarpine,
461 2828 502 2878 udi
525 2830 617 2878 addito
633 2836 692 2878 sunt
708 2829 786 2878 doec:
804 2827 964 2879 Centesima
982 2785 1032 2878 XX

102 2904 115 2930 a

61 2945 129 2995 VIII
152 2945 198 2996 As.
230 2943 367 3011 sexagies
398 2949 495 3011 quater
518 2947 554 2997 II.
579 2945 721 2998 CXXVIII
745 2954 771 2997 et
793 2955 880 2997 cetera
904 2949 1037 3012 usquead

60 3012 212 3064 CXXVIII.
299 3014 391 3064 tsibi
421 3014 500 3079 ipsae
532 3030 560 3074 o,
586 3013 616 3078 d,
635 3014 658 3078 l;
690 3015 744 3066 sibi
767 3015 887 3065 invicem
914 3016 993 3080 ipsae
1012 3029 1034 3062 r.

59 3133 75 3182 5
94 3089 166 3182 VIII
182 3132 202 3182 f.
249 3135 265 3183 6
284 3133 434 3198 sibiipsae
453 3132 484 3196 b,
504 3132 534 3195 d,
554 3133 577 3198 l,
598 3149 624 3195 r,
643 3150 665 3183 s.
710 3132 946 3197 'trespondebunt
964 3134 1034 3183 invi·

60 3266 118 3301 cem
138 3251 158 3304 f.
187 3247 199 3316 X
229 3210 339 3302 ·111⁰1¹·f.
387 3251 591 3302 8-9XXXII.
612 3268 634 3307 o.
699 3253 731 3302 10
754 3250 807 3300 duo
826 3252 846 3301 f.
902 3255 933 3302 12
951 3265 1033 3301 unum

59 3333 125 3369 vero
139 3322 293 3369 centesima
305 3321 442 3370 vIeesIme
455 3324 557 3370 octavo
569 3334 589 3370 s.
621 3322 652 3370 13
662 3318 812 3370 vicesimus
822 3335 868 3369 om.
881 3335 905 3373 o,
937 3321 968 3368 17
978 3332 1034 3368 una

59 3385 112 3436 sibi
134 3386 196 3452 ipsa
214 3403 245 3448 a,
266 3403 288 3439 o.
312 3383 324 3452 X
348 3402 515 3452 responsuro
534 3393 577 3437 est
595 3387 614 3435 f.
701 3388 735 3437 20
757 3385 863 3437 Eodem
888 3400 994 3451 quoque
1013 3383 1033 3432 f.

59 3455 93 3504 24
110 3453 147 3504 Et
166 3470 212 3505 om.
232 3468 253 3503 s.
315 3457 348 3506 25
360 3456 410 3505 hos
429 3455 559 3505 terminos
579 3454 605 3517 d,
624 3454 642 3507 i.
713 3455 747 3504 26
765 3452 818 3503 duo
838 3469 861 3504 e.

791 3538 835 3598 ᾖ*
