2392 3922
86 753 253 816 DOMINO
275 750 353 810 SUO
371 749 565 810 PATBIOIO
589 749 822 810 SYMMACHO
841 748 1029 811 BOETIUS.

142 921 177 981 ln
204 919 305 980 dandis
330 918 567 998 accipiendisque
588 917 762 978 muneribus
782 920 822 978 ita
844 926 926 978 recte
948 917 1044 978 officia

75 1008 155 1066 inter
171 1022 221 1065 eos
236 1005 409 1082 praecipue,
433 1003 483 1082 qui
498 1021 563 1064 sese
578 1004 678 1081 magui
694 1004 818 1072 iaciunt,
841 1005 1043 1071 aestimantur,

73 1090 97 1150 si
120 1088 231 1170 liquido
257 1087 417 1158 constabit,
449 1105 505 1148 nec
527 1087 563 1147 ab
592 1087 649 1147 boc
670 1086 763 1156 aliud,
792 1087 870 1166 quod
891 1086 1044 1147 liberalius

73 1175 208 1241 afferret,
232 1175 399 1239 inventum,
421 1189 478 1232 nec
493 1170 530 1231 ab
552 1169 603 1231 illo
619 1189 765 1249 unquam,
788 1172 866 1251 quod
882 1172 1042 1232 iucundius
1070 1179 1082 1218 ⁵

72 1258 278 1320 benevolentia
295 1254 549 1336 conplecteretur,
573 1263 736 1334 acceptum.
773 1256 853 1317 Haec
868 1257 930 1334 ipse
945 1258 1041 1317 eonsi-

73 1343 181 1404 derans
197 1341 281 1403 attuli
297 1359 357 1401 non
372 1341 475 1419 ignava
492 1357 582 1417 opum
597 1340 741 1419 pondera,
758 1341 864 1418 quibus
880 1341 915 1400 ad
929 1341 1042 1400 lacinus

74 1428 149 1487 nihil
164 1427 349 1494 instructius,
366 1443 435 1485 cuin
451 1424 580 1486 habendi
595 1427 657 1485 sitis
672 1425 833 1493 incanduit,
850 1425 885 1486 ad
903 1426 1041 1485 meritum

73 1511 146 1570 nihil
163 1512 256 1581 vilius,
273 1528 342 1571 cum
358 1528 392 1570 ea
407 1507 464 1570 sibi
481 1511 573 1569 victor
589 1511 704 1570 animus
717 1508 827 1571 calcata
840 1508 973 1578 subiecit,
989 1508 1042 1570 sed

73 1614 124 1666 ea,
143 1613 218 1673 quae
234 1614 270 1654 ex
287 1596 469 1656 Graecarum
489 1592 638 1673 opulentia
658 1593 822 1654 litterarum
845 1596 875 1652 in
890 1593 1042 1655 Romanae
1056 1603 1081 1647 10

73 1681 216 1740 orationis
236 1680 409 1739 thesaurum
434 1685 550 1756 sumpta
578 1680 776 1739 conveximus
816 1677 857 1738 lta
885 1680 963 1738 enim
984 1678 1043 1738 mei

73 1781 193 1839 quoque
207 1763 281 1820 mihi
297 1765 397 1839 operis
413 1763 487 1820 ratio
503 1762 663 1828 constabit,
680 1764 716 1829 si,
740 1780 815 1839 quae
832 1779 868 1820 ex
884 1763 1044 1838 sapientiae

75 1845 219 1904 doctrinis
236 1843 338 1912 elicui,
356 1845 564 1920 sapientissimi
580 1844 688 1903 iudicio
700 1844 932 1921 conprobentur.
956 1843 1045 1904 Vides

73 1930 181 2007 igitur,
199 1934 307 1988 uttam
323 1928 422 2004 magni
438 1925 549 1986 laboris
565 1927 686 1987 allectus
701 1935 784 1986 tuum
800 1934 914 1987 tanturn
932 1933 1045 2004 spectet

72 2029 215 2080 examen,
240 2030 296 2072 nec
316 2013 348 2070 in
371 2027 459 2071 aures
481 2010 602 2087 prodire
617 2010 763 2089 publicas,
786 2012 841 2070 nisi
857 2011 962 2072 doctae
977 2028 1043 2071 sen·
1058 2028 1082 2066 1⁵

71 2098 181 2158 tentiae
197 2094 425 2175 adstipulatione
441 2095 560 2155 nitatur.
591 2094 625 2155 ln
648 2113 706 2174 quo
728 2094 801 2156 nibil
820 2097 926 2157 mirum
951 2095 1043 2157 rideri

71 2181 175 2249 debet,
193 2199 260 2241 cum
276 2179 303 2240 id
321 2198 412 2258 opus,
436 2179 515 2259 quod
531 2180 694 2258 sapientiae
708 2181 827 2241 inventa
843 2182 1040 2262 persequitur,

72 2283 135 2325 non
151 2265 280 2325 auctoris
297 2265 349 2326 sed
366 2264 462 2325 alieno
477 2264 620 2324 incumbit
636 2265 777 2334 arbitrio;
795 2267 855 2326 suis
871 2268 980 2347 quippe
997 2269 1040 2327 in-

71 2351 246 2411 strumentis
268 2351 316 2409 res
331 2350 454 2409 rationis
470 2349 661 2428 expenditur,
683 2368 751 2410 cuin
766 2350 906 2411 iudicium
924 2354 1041 2428 cogitur

75 2433 177 2494 subire
198 2433 362 2513 prudentis.
399 2434 457 2494 Sed
480 2433 549 2494 huic
571 2433 747 2495 munusculo
764 2452 823 2494 non
846 2436 947 2496 eadem
964 2454 1039 2515 quae
1053 2455 1078 2493 m

75 2519 184 2579 ceteris
199 2519 344 2578 inminent
358 2516 472 2578 artibus
483 2518 666 2579 munimenta
679 2521 835 2589 constituo,
853 2524 1040 2599 nequeenim

141 2706 154 2753 l
177 2704 282 2770 Incipit
305 2701 425 2768 epistola
444 2703 538 2753 Boecii
561 2702 597 2752 ed
618 2701 804 2754 Simmachum
826 2705 945 2769 patrium
966 2720 1042 2755 soce-

71 2786 131 2820 rum
153 2770 179 2823 i.
200 2771 222 2820 d.
256 2771 374 2821 Domino
398 2785 447 2820 auc
469 2770 589 2835 putrIcio
614 2769 771 2821 simmacho
788 2771 917 2824 Boecius.
953 2772 1041 2822 Mani-

70 2839 124 2889 lius
149 2838 298 2890 Severinus
324 2838 417 2887 floruit
445 2838 615 2904 temporibus
637 2839 785 2889 'leuderici
811 2841 886 2905 regis
907 2839 1040 2889 Italorum

69 2907 267 2971 transtulitque
290 2905 414 2956 libellum
436 2907 520 2956 istum
543 2905 576 2955 de
600 2905 689 2956 Grecc
713 2907 741 2955 in
764 2907 896 2956 Latinum
919 2923 1041 2971 gemmu-

69 2975 165 3037 vitque
187 2975 300 3025 floribus
324 2972 473 3023 facundiae
492 2973 644 3023 Romanae.
678 2973 782 3039 Incipit
803 2973 876 3024 liber
892 2974 985 3023 Boetii
1008 2974 1041 3024 de

68 3042 260 3093 Arithmetica.
281 3057 307 3093 a.
329 3037 342 3106 11
365 3055 414 3090 suo
432 3057 480 3092 om.
495 3041 526 3104 d,
544 3040 562 3092 l.
585 3035 597 3106 Η
612 3041 687 3106 putri
705 3039 736 3104 d,
753 3041 776 3104 l,
795 3057 816 3089 r.
834 3039 846 3107 ΙΙ
861 3042 980 3092 Domino

70 3110 185 3160 Boetius
204 3125 252 3160 om.
271 3109 291 3170 f,
312 3124 334 3158 e,
404 3111 419 3159 2
438 3109 478 3158 ita
495 3113 573 3158 recte
590 3109 618 3157 in
635 3110 748 3172 marpine
766 3125 788 3172 r,
807 3125 888 3172 supra
905 3124 1001 3158 cerszou
1020 3125 1040 3161 s.

68 3179 85 3227 b
103 3176 216 3228 offerret
235 3192 259 3239 c,
273 3175 298 3234 d,
311 3176 331 3235 i,
345 3191 366 3226 r.
443 3177 458 3224 8
473 3182 534 3238 post
551 3176 728 3226 instructius:
748 3180 777 3225 et
795 3191 820 3239 a,
840 3180 854 3225 ὅ
872 3192 907 3226 eac
925 3191 993 3225 corr.
1014 3176 1040 3238 d,

70 3248 113 3294 est
131 3245 155 3308 f,
176 3259 197 3295 s.
269 3246 300 3293 12
322 3245 415 3308 operis
433 3243 502 3293 mihi
520 3258 549 3304 a,
569 3258 598 3306 c,
617 3242 648 3306 d,
667 3243 693 3307 f,
711 3243 735 3306 l,
755 3258 775 3295 s.
847 3245 879 3292 14
899 3245 1041 3305 exspectet

69 3308 116 3379 bil
132 3315 242 3377 spectet
260 3314 338 3361 litura
355 3313 527 3376 praecedente
546 3325 571 3359 a.
631 3311 662 3359 17
681 3309 752 3373 quod
776 3326 823 3359 om.
842 3310 861 3358 f.
925 3310 957 3356 21
977 3321 1040 3355 eon·

69 3380 154 3429 stituo
173 3380 344 3430 munimenta
363 3396 392 3441 a,
411 3379 437 3427 b.
926 3408 943 3437 χ

809 3464 857 3521 *Pb
