2392 3922
360 92 463 189 ‘rursm
482 134 636 186 terrram.
654 135 693 199 rr,
713 137 737 187 4.
1003 131 1044 196 87

74 305 167 366 tulam
184 305 295 382 fingant
310 306 346 366 de
364 309 421 381 ·V·‚
444 305 489 366 vel
506 304 633 372 denarii,
656 321 743 381 quam
767 303 991 381 descripsimus,
1016 303 1045 364 id

77 399 123 450 est
139 391 175 449 de
193 390 254 460 ·X·,
271 399 299 450 et
315 391 386 451 alias
401 388 571 451 huiusmodi
586 405 646 447 non
662 395 765 446 natura
782 389 887 464 posuit,
906 389 957 448 sed
973 407 1045 450 usus

75 475 208 534 adfinxit.
226 475 361 554 Quinque
377 477 455 535 enim
472 490 556 542 unos,
573 471 619 531 vel
634 471 736 530 decem
752 469 797 529 vel
814 471 959 549 quotlibet
975 471 1046 534 alios

78 557 135 618 illis
164 558 270 620 notulis
295 579 350 638 pro
372 557 540 634 conpendio
569 563 673 616 notare
695 554 866 624 voluerunt,
898 574 951 625 ne,
976 564 1048 634 quot

76 643 205 704 unitates
227 645 291 723 quis
312 649 481 704 monstrare
504 640 607 709 vellet,
634 640 740 699 totiens
759 640 787 699 ei
807 640 937 717 virgulae
958 641 1073 702 duce-o

77 738 193 788 rentur.
231 727 292 787 Nos
314 736 427 794 autem,
459 726 714 802 quotienscunque
742 722 853 803 aliquid
882 733 1048 784 monstrare

80 811 229 878 volumus,
254 812 283 869 in
298 812 344 871 his
361 810 538 886 praesertim
554 807 705 877 formulis,
730 807 933 869 ordinatarum
951 810 1048 886 virgu-

79 894 176 955 larum
193 894 413 955 multitudinem
436 911 494 954 non
510 909 668 969 gravamur
684 909 846 969 apponere.
879 891 954 952 Cum
971 895 1049 953 enim

79 982 215 1056 quinque
231 978 365 1039 volumus
380 979 599 1046 demonstrare,
626 976 750 1037 iacimus
772 977 902 1055 quinque
922 975 1050 1055 virgulas

79 1062 278 1141 ducimusque
294 1082 342 1124 eas
357 1064 413 1124 boc
428 1062 516 1122 modo
539 1060 626 1122 ·lllll·
645 1069 756 1121 etcum
773 1069 898 1137 septem,
916 1062 1046 1130 totidem,
1063 1077 1089 1119 1o

25 1172 34 1183 ·
80 1154 194 1207 etcum
216 1147 333 1217 decem,
357 1147 449 1208 nihilo
471 1149 585 1214 minus,
609 1147 677 1222 quia
700 1144 865 1206 naturalius
887 1154 931 1205 est
946 1163 1049 1223 quem·

77 1230 151 1290 libet
167 1249 338 1301 numerum,
362 1240 486 1308 quantas
507 1234 538 1291 in
562 1249 594 1292 se
616 1231 738 1299 retinet,
763 1238 805 1290 tot
820 1229 982 1291 unitatibus
998 1231 1048 1291 ad·

77 1318 198 1392 signare
221 1333 307 1393 quam
336 1316 455 1377 notulis.
493 1316 544 1377 Est
565 1317 656 1394 igitur
676 1315 773 1374 unitas
794 1315 888 1374 vicem
910 1314 1048 1375 obtineas

77 1402 197 1480 puncti,
227 1399 372 1460 intervalli
393 1400 648 1480 longitudinisque
674 1400 867 1477 principium;
894 1400 957 1476 ipsa
978 1417 1048 1459 vero

78 1503 135 1545 neo
151 1484 296 1544 intervalli
311 1502 366 1544 nec
381 1485 573 1561 longitudinis
585 1502 691 1562 capax,
709 1483 957 1562 quemadmodum
973 1502 1048 1561 pun·
1063 1504 1088 1544 ra

77 1578 158 1630 ctum
174 1570 354 1647 principium
364 1569 485 1647 quidem
499 1568 595 1630 lineae
611 1578 655 1630 est
672 1576 759 1646 atque
774 1566 933 1636 intervalli,
950 1571 1048 1647 ipsum

54 1671 150 1723 ,vero
181 1671 237 1713 nec
257 1651 444 1714 intervallum
469 1670 524 1714 nec
545 1652 632 1714 linea.
675 1653 778 1728 Neque
800 1653 879 1712 enim
906 1661 1049 1730 punctum

79 1745 190 1816 puncto
212 1740 432 1815 superpositum
458 1738 551 1798 ullum
580 1738 669 1798 elficit
693 1735 893 1808 intervallum,
925 1737 1004 1797 velut
1025 1739 1049 1798 si

78 1821 154 1881 nihil
171 1820 243 1881 nulli
257 1823 370 1897 iungas.
402 1822 480 1882 Nihil
498 1824 574 1884 enim
593 1829 651 1890 est,
668 1821 747 1901 quod
764 1841 800 1882 ex
815 1820 963 1882 nullorum
980 1840 1049 1899 pro·

79 1907 232 1965 creatione
248 1912 392 1966 nascatur.
430 1907 538 1968 Eadem
562 1909 671 1986 quippe
687 1909 774 1967 etiam
791 1908 870 1966 circa
892 1906 1050 1984 aequalita·
1064 1938 1090 1977 20

80 1999 127 2050 tes
154 1991 308 2067 proportio
334 1998 441 2050 manet.
473 1991 545 2052 Nam
572 1993 596 2052 si
623 1990 767 2068 quotlibet
793 1990 906 2051 fuerint
932 1994 1050 2052 termini

80 2092 187 2153 pares,
210 2080 324 2134 tantum
347 2074 466 2157 quidem
489 2087 533 2137 est
554 2095 569 2137 a
589 2079 686 2154 primo
708 2077 744 2136 ad
761 2076 940 2145 secundum,
957 2094 1050 2155 quan·

80 2168 143 2218 tunt
168 2177 183 2217 a
205 2159 338 2221 secundo
359 2160 396 2220 ad
418 2161 551 2225 tertium.
573 2161 624 2222 sed
645 2164 723 2221 inter
745 2163 875 2240 primum
897 2170 926 2222 et
947 2178 1050 2220 secun·

80 2244 151 2302 dum
174 2241 218 2304 vel
240 2243 404 2306 secundum
429 2252 457 2304 et
477 2247 597 2311 tertium
619 2245 697 2306 nulla
721 2254 764 2306 est
787 2246 935 2306 intervalli
955 2244 1050 2323 longi-

79 2327 153 2387 tudo
169 2327 214 2389 vel
230 2330 366 2406 spatium.
385 2329 416 2389 Si
432 2333 509 2390 enim
526 2338 589 2391 tres
603 2331 736 2391 senarios
752 2348 859 2409 ponas,
876 2331 932 2390 hoo
945 2329 1048 2390 modo:
1064 2359 1089 2399 25

80 2413 128 2473 Vl.
152 2412 197 2473 Vl.
217 2413 262 2473 Vl.
286 2413 536 2489 quemadmodum
559 2416 671 2494 primus
687 2424 731 2475 est
751 2416 786 2475 ad
804 2414 985 2482 secundum,
1008 2417 1050 2474 sic

81 2505 126 2557 est
141 2497 290 2558 secundus
310 2497 345 2558 ad
367 2500 504 2570 tertium,
526 2501 576 2560 sed
598 2500 674 2559 inter
695 2502 823 2577 primum
843 2510 871 2560 et
886 2499 1049 2559 secundum

151 2734 164 2781 1
183 2731 300 2865 scopant]
322 2735 434 2868 siquant
454 2752 479 2798 a,
494 2734 516 2796 l,
530 2750 555 2796 s;
574 2734 680 2802 fingant
698 2744 723 2785 et
738 2752 820 2799 supro
836 2750 934 2785 versum
953 2733 983 2784 al
996 2735 1051 2799 sig·

80 2802 151 2848 nant
168 2800 195 2849 b.
218 2797 222 2864 Ι
255 2800 287 2851 de
307 2803 346 2852 ·V·
381 2802 409 2851 id
428 2807 472 2851 est
490 2803 529 2850 ·V·
549 2802 568 2851 f.
593 2799 604 2868 Η
628 2801 682 2868 vel]
703 2808 731 2853 et
749 2802 782 2852 de
807 2798 818 2868 ΙΙ
842 2801 871 2851 id
891 2806 933 2850 est
948 2803 1051 2865 punctis

80 2867 239 2917 subnotatum
257 2869 284 2922 b,
354 2869 424 2919 2de
444 2867 498 2935 ·X.]
520 2869 554 2919 de
573 2886 619 2920 om.
640 2886 665 2932 a,
685 2870 711 2934 d,
732 2871 751 2919 f.
781 2867 793 2935 ΙΙ
822 2870 928 2934 possuit
946 2886 968 2931 r,
988 2885 1050 2933 pos-

80 2938 146 2983 sunt
163 2950 232 2984 corr.
252 2939 390 3001 inposuit
408 2952 432 2986 a.
532 2940 548 2986 3
568 2937 663 2986 adfixit
681 2938 707 2986 d.
732 2934 744 3003 ll
767 2937 846 3000 unos]
866 2939 905 2986 ·V·
925 2941 991 2986 nota
1011 2937 1030 2986 f.
1044 2934 1051 2998 ll

79 3000 126 3051 vel
146 3001 240 3053 decem
259 3005 299 3053 ·X·
318 3005 338 3066 f,
358 3003 381 3066 l;
400 3007 426 3053 in
444 3007 557 3069 murpine
576 3020 601 3066 r3
621 3005 665 3054 vel
686 3006 726 3054 ·X·
746 3020 771 3068 a,
792 3005 818 3067 b,
839 3021 862 3064 c,
883 3020 905 3053 s.
929 3001 940 3070 ll
965 3003 1050 3068 quod-

80 3069 153 3119 libet
171 3086 196 3131 r;
217 3071 341 3134 quolibet
359 3087 427 3122 corr.
447 3073 473 3122 in
492 3072 633 3135 quoslibet
646 3088 671 3122 a.
723 3069 829 3138 4quol]
846 3073 973 3135 quotiens
988 3071 1006 3132 l,
1022 3085 1049 3133 ες

81 3139 159 3201 quoti
177 3145 202 3186 et
219 3154 300 3202 supra
316 3147 415 3190 uersum
434 3156 482 3190 ens
500 3155 526 3201 r;
550 3144 615 3204 quot
633 3142 734 3203 punctis
751 3140 910 3190 subnotatum
928 3147 954 3189 et
971 3154 1052 3202 supra

80 3219 180 3254 vermem
198 3204 228 3255 al
246 3208 373 3270 quotiens
392 3208 417 3259 b.
487 3208 605 3258 btoties
623 3224 645 3269 r,
665 3222 685 3256 s.
757 3209 955 3272 dquotiescun
975 3221 1009 3255 ue
1028 3223 1050 3269 r,

82 3287 108 3333 s;
129 3273 256 3337 quotiens
274 3274 300 3333 d,
320 3276 339 3324 l.
409 3275 579 3325 tractemus
599 3275 612 3323 f
617 3311 623 3336 ,
643 3275 760 3325 facimus
778 3278 804 3323 in
822 3278 900 3324 litora
917 3291 938 3324 r.
957 3221 979 3337 ll
1012 3274 1051 3322 ·V-

81 3355 177 3401 a‚r‚s.
214 3343 245 3391 10
264 3342 450 3408 ducemusque
463 3343 483 3392 f.
505 3339 517 3407 ll
531 3343 599 3393 ·VII·
618 3359 644 3405 a,
660 3358 684 3403 c,
697 3358 719 3405 r,
735 3358 755 3390 s.
800 3345 829 3391 ll
844 3342 884 3389 ·X·
898 3357 924 3402 a,
939 3357 964 3402 c,
977 3356 997 3397 r,
1010 3355 1031 3390 s.
1044 3337 1052 3402 ll

81 3403 161 3473 quia]
182 3424 265 3473 quam
283 3427 307 3460 c.
362 3412 393 3461 13
412 3410 559 3474 designare
583 3426 615 3471 a,
635 3423 664 3471 o,
683 3424 710 3471 r,
730 3425 750 3458 s.
837 3411 870 3456 22
894 3413 936 3457 est
959 3423 1006 3458 om.
1026 3421 1051 3455 a.

80 3475 191 3525 251111·
211 3491 234 3528 c.
304 3480 336 3527 27
357 3482 400 3527 est
418 3495 464 3528 om.
485 3494 511 3542 a,
530 3493 551 3527 s.
