2392 3922
137 109 180 175 42
438 109 533 185 INST.
552 109 704 160 ARITHM.
723 111 751 170 Ι,
770 111 811 161 20.

26 298 30 321 ·
139 289 226 342 nutos
247 279 334 357 longe
349 277 458 341 multos
472 280 662 357 infinitosque
677 279 844 358 repperies,
866 295 922 338 nec
945 277 1013 340 ullis
1028 279 1113 343 ordi·

139 365 226 426 nibus
250 366 359 444 passim
384 364 611 442 inordinateque
638 364 795 443 dispositos
822 371 853 424 et
879 381 894 423 a
916 361 998 424 nullo
1025 373 1111 427 certo

138 449 197 510 fine
211 456 376 528 generatos.
422 450 498 510 Sunt
519 458 616 510 autem
636 447 761 528 perlecti
781 448 899 507 numeri
920 449 999 509 intra
1018 447 1111 510 dena·

139 537 217 594 rium
233 551 392 595 numerum
408 533 464 594 ·Vl·
482 535 556 594 intra
573 534 777 594 centenarium
795 531 931 592 ·XXVlll·
948 532 1026 593 intra
1042 533 1112 595 mil-

113 635 284 696 ele'narium
307 634 516 697 dcccxcvi·
534 637 609 695 intra
626 634 729 696 decern
746 633 823 694 milia
849 632 1111 696 ·Vlll·CXXVlll·

138 721 176 781 Et
190 737 308 800 semper
323 720 353 780 hi
373 721 489 781 numeri
505 717 620 780 duobus
635 718 756 798 paribus
771 719 985 789 terminentur,
1004 719 1063 779 -v1·
1081 730 1110 781 et

141 804 241 876 ·Vlll·,
264 811 293 865 et
313 822 432 884 semper
453 803 620 864 alternatim
641 805 672 863 in
694 802 749 864 hos
768 819 910 864 numeros
925 820 1110 865 summarum

139 890 197 951 fine
212 891 397 969 provenient,
430 888 503 949 Nam
520 894 549 948 et
563 889 693 967 primum
710 887 784 957 vt,
803 887 873 947 inde
889 885 1026 948 xxvut·
1042 896 1113 968 post

139 975 195 1036 hos
212 972 444 1036 cccc-xcvi·
461 972 540 1033 idem
556 974 705 1040 senarius,
723 973 774 1049 qui
788 974 917 1051 primus,
937 980 1111 1052 postquem

101 1099 127 1138 10
142 1060 234 1137 W·
244 1073 398 1136 cxxvtu·
414 1074 492 1135 idem
509 1074 692 1142 octonarius,
715 1073 765 1151 qui
781 1074 938 1135 secundus.

204 1177 363 1238 Generatio
384 1184 481 1237 autem
505 1176 731 1254 procreatioque
753 1192 856 1234 eorum
874 1183 919 1236 est
933 1175 990 1235 lixa
1005 1174 1109 1235 llrma·

141 1279 213 1339 que,
238 1278 276 1320 ne
296 1279 354 1340 quo
376 1258 433 1321 alio
453 1259 542 1321 modo
556 1259 621 1320 lieri
635 1261 765 1339 possint,
788 1276 844 1320 nec
859 1268 891 1320 ut
906 1261 930 1320 si
946 1260 1002 1320 hoc
1017 1259 1110 1320 modo

140 1346 226 1415 fiant,
248 1343 325 1406 aliud
347 1345 487 1425 quiddam
503 1343 564 1404 ullo
580 1344 668 1405 modo
684 1343 779 1405 valeat
792 1345 956 1423 procreari.
1001 1342 1112 1423 llispo·

140 1430 211 1490 sitos
232 1430 308 1490 enim
331 1428 367 1489 ah
389 1447 449 1490 uno
470 1447 573 1490 omnes
594 1430 705 1508 pariter
722 1447 809 1508 pares
824 1444 965 1490 numeros
980 1429 1011 1488 in
1029 1427 1112 1489 ordi-

102 1533 128 1574 15
141 1531 208 1574 nem
230 1531 384 1594 quousque
405 1512 548 1584 volueris,
570 1515 667 1591 primo
688 1513 850 1575 secundum
868 1511 1058 1591 adgregatis,
1082 1524 1114 1574 et

140 1599 164 1659 si
184 1599 299 1678 primus
321 1616 464 1659 numerus
488 1609 517 1659 et
536 1598 748 1679 incompositus
765 1615 800 1658 ex
816 1596 865 1658 illa
881 1597 1109 1658 coacervatione

140 1683 234 1743 lactus
255 1683 306 1752 sit,
335 1690 423 1743 totam
445 1701 589 1743 summam
611 1684 643 1743 in
663 1681 746 1743 illum
769 1681 992 1761 multiplicabis,
1021 1700 1112 1762 quem

140 1769 290 1847 posterius
311 1767 533 1846 adgregaveras
580 1768 611 1828 Si
627 1785 697 1828 vero
713 1768 935 1827 coacervatione
955 1765 1032 1826 lacta
1048 1766 1112 1845 pri·

140 1871 207 1914 mus
221 1853 357 1913 inventus
372 1870 432 1914 non
445 1852 540 1923 luerit,
557 1851 609 1913 sed
624 1852 804 1931 compositus
817 1858 846 1912 et
856 1849 1015 1921 secundus,
1030 1849 1112 1912 hunc

103 1956 128 1996 20
141 1937 366 2016 transgredere,
385 1946 472 2015 atque
488 1935 591 2006 alium,
613 1938 664 2014 qui
681 1936 822 2015 sequitur,
846 1933 1032 2014 adgregabls.
1080 1935 1113 1995 Si

142 2041 211 2084 vero
233 2040 288 2083 nec
309 2023 378 2082 dum
400 2022 491 2083 luerit
511 2022 624 2101 primus
645 2027 674 2081 et
688 2022 916 2100 incompositus,
939 2018 1026 2080 alium
1043 2037 1112 2080 rur·

141 2126 191 2168 sus
212 2107 338 2184 adiunge
359 2113 389 2166 et
405 2106 483 2175 vide,
507 2105 576 2184 quid
594 2105 652 2165 liat.
699 2103 783 2177 Quod
806 2106 830 2164 si
850 2104 978 2184 primum
999 2107 1112 2165 incom-

141 2193 330 2270 positumque
345 2192 515 2271 repperies,
530 2196 602 2249 tuuc
617 2191 647 2248 in
663 2187 782 2249 ultimae
797 2188 1014 2249 multitudinem
1030 2206 1112 2249 surn-

142 2293 208 2334 mae
239 2276 490 2335 coacervationem
526 2271 742 2351 multiplicabis.
802 2273 1003 2352 Disponantur
1033 2274 1112 2334 euim

104 2376 129 2417 25
142 2376 246 2418 omnes
260 2359 373 2437 pariter
388 2375 476 2437 pares
491 2359 608 2417 numeri
623 2356 680 2417 hoc
695 2358 797 2418 modo:

255 2458 276 2519 1.
293 2459 328 2519 ll.
344 2458 406 2519 llll.
423 2458 495 2518 Vlll.
512 2457 584 2519 XVI.
600 2457 715 2520 xxxu.
731 2459 843 2520 LXllIl.
861 2457 1010 2520 cxxviii.

142 2561 245 2622 Facies
266 2578 338 2638 ergo
358 2562 407 2620 ita.
453 2559 548 2620 Pones
571 2560 603 2619 ·l·
627 2561 712 2639 eique
735 2559 912 2639 adgregabis
935 2559 980 2620 ·ll·
1027 2561 1113 2620 Tunc

142 2647 284 2724 respicias
314 2663 348 2704 ex
379 2643 435 2704 hac
460 2644 670 2723 adgregatione
697 2648 747 2724 qui
773 2663 916 2707 numerus
940 2646 1035 2705 lactus
1064 2646 1111 2704 sit.

211 2850 383 2910 deame,
408 2862 429 2898 r.
505 2850 654 2912 3geratos
673 2864 698 2898 a.
772 2850 954 2898 dnumerum
976 2863 1022 2898 om.
1040 2846 1071 2910 d,
1092 2847 1112 2897 f.

144 2916 218 2966 tut·
238 2915 315 2965 milia
334 2931 358 2968 c.
429 2917 445 2965 6
467 2915 574 2966 duabus
592 2915 717 2980 partibus
737 2931 768 2978 a,
792 2931 821 2978 e,
845 2931 872 2978 ες
903 2915 1009 2966 duobus
1027 2917 1115 2980 perti-

142 2983 193 3034 bus
211 2999 233 3036 r.
303 2982 391 3033 8fine
414 2986 626 3048 perveniente,
655 2982 708 3033 fine
727 2983 935 3048 pervenienti,
963 2981 1033 3033 fines
1051 2999 1114 3049 per·

47 3061 50 3068 '
142 3052 257 3102 venient
275 3066 302 3113 c,
322 3064 344 3103 e.
377 3046 389 3116 Π
425 3052 578 3114 sexa‚b,
599 3051 621 3114 f,
643 3051 665 3114 1,
684 3067 711 3113 r,
731 3065 753 3104 s.
782 3047 794 3117 ll
825 3049 924 3101 deinde
944 3050 968 3112 f,
988 3065 1014 3113 s;
1038 3051 1113 3113 inde,

143 3117 177 3169 de
199 3119 430 3171 cenomannico
452 3135 473 3172 r.
553 3121 584 3169 12
608 3134 728 3183 necque
752 3118 832 3182 a‚b,
853 3134 926 3181 e‚r‚
948 3133 970 3170 s.
1006 3133 1070 3184 neq.
1089 3125 1115 3168 et

142 3201 224 3251 snpra
240 3202 338 3237 nereum
355 3201 391 3236 uo
408 3203 430 3237 r.
463 3183 475 3253 ll
509 3188 558 3252 sit,
583 3188 727 3245 linducto,
746 3201 772 3236 a.
848 3187 880 3237 te
897 3181 1013 3253 primus]
1033 3201 1115 3251 cupra

29 3292 34 3301 ,
143 3270 242 3305 nereum
260 3254 504 3320 etincompositus
523 3271 552 3315 a,
572 3255 603 3316 b,
623 3255 654 3318 d,
673 3269 695 3303 r.
759 3255 791 3304 19
809 3253 858 3303 sed
877 3258 906 3304 et
922 3267 945 3304 e.
975 3248 987 3319 ll
1016 3268 1116 3304 seeun-

144 3321 195 3372 dus
214 3326 242 3372 el
259 3323 416 3387 conpositus
436 3338 459 3388 c,
479 3322 497 3376 f.
518 3337 540 3375 e.
609 3324 642 3373 20
661 3321 823 3386 adsequitur
842 3337 866 3374 a.
931 3324 963 3372 22
982 3323 1067 3388 iunge
1087 3337 1114 3372 a.

143 3391 177 3442 23
195 3389 371 3441 multitudine
391 3406 416 3454 a,
437 3406 460 3456 c,
480 3407 501 3442 r.
553 3392 587 3440 25
605 3403 687 3454 pares
705 3389 812 3454 pariter
828 3388 855 3443 d.
908 3392 940 3441 27
958 3404 1043 3439 unum
1062 3389 1083 3440 f.
1099 3387 1112 3454 ll

145 3457 197 3508 duo
217 3458 236 3508 f.
265 3454 277 3524 ΙΙ
305 3462 363 3509 tum
381 3459 411 3521 d,
429 3474 452 3511 r.
523 3459 555 3509 28
574 3458 692 3522 respicis
711 3471 742 3520 a,
761 3456 791 3520 d;
815 3458 950 3523 respicies
968 3456 988 3507 f.

1158 3538 1167 3568 Ι
