2392 3922
472 137 680 189 PRAEFATIO.
1035 141 1060 186 V

93 293 181 358 unde
208 293 338 359 titulum
367 314 495 380 quoque
517 293 656 378 petitum
679 314 750 357 esse
772 294 843 357 veri
870 292 978 361 simile
1001 301 1059 373 est,

95 396 152 482 qui
185 394 305 480 legitur
337 398 372 460 in
402 395 515 461 codice
543 393 657 456 Bamb.
687 393 749 458 HI.
778 395 818 462 N.
842 396 880 459 13
904 394 956 482 (d)
983 404 1060 458 ante

94 497 262 563 titulorum
289 498 433 563 indicem
461 494 540 559 libri
561 493 598 558 II
620 495 661 558 dc
683 495 758 560 inst.
781 495 911 560 arithm.
935 505 982 583 (p.
1007 497 1058 577 72,

46 627 51 638 ·
94 621 127 662 v.
151 599 170 663 9
192 622 261 664 var.
285 599 387 684 lect).
432 598 503 663 Nec
530 596 661 662 obstare
688 595 769 660 mihi
797 596 943 680 videtur,
972 597 1058 685 quod

94 700 227 766 Boetius
249 704 285 766 in
308 724 379 786 cap.
403 698 651 785 quadragesimo
674 697 750 762 libri
772 698 809 763 ΙΙ
830 699 907 762 inst.
929 699 1058 764 arithm.

94 802 141 888 (p.
166 803 243 885 137,
268 825 300 867 v.
324 803 358 887 7)
386 801 623 867 arithmeticam
651 800 998 867 introductionem
1025 823 1060 867 so

95 907 272 969 terminare
295 895 385 969 dicit.

179 1039 322 1105 Alterius
346 1046 452 1127 operis
475 1040 718 1126 inscriptionem
744 1039 952 1105 manifestam
967 1040 1061 1105 reddi

93 1143 207 1229 putavi
236 1164 308 1206 cum
336 1143 442 1230 capite
471 1144 598 1208 decimo
626 1142 703 1207 libri
724 1142 789 1208 III.
813 1144 854 1208 de
876 1144 953 1209 inst.
977 1165 1060 1207 mus.

44 1323 48 1327 Ι
94 1243 139 1332 (p.
155 1245 235 1328 283,
258 1268 290 1308 v.
313 1247 364 1330 9):
398 1252 444 1324 ta,
476 1252 558 1326 quod
583 1251 768 1310 institutione
796 1252 928 1311 musicae
956 1252 1064 1311 adorsi

91 1369 208 1425 sumus,
244 1356 312 1411 tum
340 1349 446 1433 capite
475 1347 697 1412 sextodecimo
726 1346 872 1410 eiusdem
900 1347 978 1411 libri
1006 1347 1060 1411 III

93 1449 139 1534 (p.
160 1449 239 1530 300,
263 1471 295 1512 v.
317 1448 370 1534 2);
401 1455 485 1529 quod
510 1460 647 1530 superest
673 1457 806 1515 musicae
827 1455 1008 1514 institutioni
1028 1458 1060 1513 et

92 1550 199 1636 capite
221 1552 359 1638 septimo
382 1549 459 1616 libri
483 1551 513 1615 V
536 1552 582 1637 (p.
598 1552 676 1634 358,
700 1573 732 1615 v.
749 1551 800 1636 2);
827 1573 906 1631 quae
927 1557 1060 1616 secundo

91 1656 180 1716 buius
207 1658 398 1719 institutionis
425 1659 504 1718 libro
531 1660 707 1733 diaessimus
735 1662 767 1717 et
789 1652 876 1717 infra
899 1653 945 1738 (v.
962 1654 997 1740 9)
1020 1674 1061 1717 en

91 1761 224 1819 secundo
259 1761 350 1820 buius
382 1761 577 1821 institutionis
608 1763 741 1821 musicae
776 1761 855 1820 libro
888 1767 918 1819 et
949 1766 1061 1834 quarto

90 1861 252 1933 petendum
280 1868 332 1918 est.
379 1856 470 1919 Hinc
497 1859 567 1919 eius
595 1878 708 1942 opera,
739 1858 796 1941 qui
823 1856 935 1920 titulos
962 1856 1060 1920 finxit

94 1964 126 2019 et
154 1953 280 2018 indices
309 1976 418 2019 eorum
448 1958 645 2042 composuit,
668 1956 808 2019 formula
830 1957 873 2038 (e.
889 1979 920 2039 g.
937 1979 968 2040 p.
984 1956 1058 2038 225,

92 2080 124 2120 v.
143 2057 198 2140 16)
214 2062 253 2121 de
266 2064 383 2122 mustea
399 2064 433 2123 td
451 2068 496 2122 est
515 2064 674 2121 armonica
696 2063 879 2121 institutione
899 2063 975 2121 tiber
990 2068 1060 2122 orta

91 2159 234 2224 videtur.

175 2295 298 2360 Eorum
326 2295 499 2381 librorum,
534 2318 613 2384 quos
642 2296 777 2361 Boetius
811 2296 852 2360 de
878 2298 1058 2382 geometria

91 2399 262 2483 scripsisse
286 2397 420 2482 dieitur,
449 2399 650 2484 investigare
672 2422 783 2464 veram
811 2400 1057 2486 inscriptionem

90 2499 172 2565 nihil
200 2498 291 2563 aliud
319 2510 405 2565 esset
432 2503 496 2565 nisi
524 2522 654 2588 operam
682 2511 714 2565 et
746 2511 874 2587 tempus
908 2502 1055 2589 perdere.

90 2602 161 2667 Iam
176 2603 261 2666 iuter
281 2601 427 2666 homines
443 2603 555 2667 doctos
572 2613 713 2686 constat,
738 2625 792 2667 eos
808 2603 908 2668 libros
923 2605 1056 2668 minime

90 2704 204 2769 Boetio
232 2703 423 2768 tribuendos
447 2726 534 2788 csse,
565 2728 644 2791 quos
669 2706 796 2770 codices
818 2728 917 2768 manu
942 2708 1056 2792 scripti

89 2829 154 2870 non
190 2806 285 2893 pauci
321 2815 451 2892 praeter
487 2807 568 2873 duos
605 2806 678 2872 illos
714 2807 886 2894 praebent,
930 2809 986 2893 qui
1022 2810 1057 2872 in

89 2908 381 2994 praestantissimis
405 2908 572 2974 codicibus
593 2909 790 2994 Erlangensi
812 2919 844 2974 et
860 2909 1057 2975 Carnutensi

87 3010 338 3096 reperiuntur5).
384 3011 454 3076 Nec
475 3013 563 3099 ipsos
586 3010 644 3075 hos
668 3012 748 3077 duos
772 3011 873 3075 libros
896 3033 916 3074 a
937 3012 1055 3076 Boetio

89 3114 283 3199 compositos
313 3134 383 3175 esse
411 3134 470 3197 ego
499 3113 630 3200 quidem
661 3113 821 3180 contendo
852 3124 1055 3199 repugnante

88 3215 237 3301 inprimis
261 3213 412 3279 Cantore.
454 3213 522 3280 Sub
546 3215 656 3280 iudice
677 3216 784 3281 adhuc
807 3214 848 3278 lis
871 3225 935 3299 est,
960 3237 1055 3300 quam

173 3473 193 3536 ⁵)
213 3473 331 3539 Cantor,
344 3473 480 3527 'Mathem
500 3475 640 3540 Beitr'age.
678 3475 704 3527 S.
725 3472 875 3525 los-tut.

1103 1740 1123 1793 a
