2392 3922
143 128 187 192 20
456 128 547 179 0000.
566 128 720 179 anmnu.
737 129 765 190 1,
785 131 809 180 a.

210 299 273 359 Hoc
289 315 407 376 quoque
422 296 513 358 multa
530 297 765 359 consideratione
785 297 936 378 multaque
952 302 1117 360 constantia

144 384 304 445 divinitatis
320 383 485 461 perlectum
503 391 561 452 est,
583 392 616 444 ut
640 382 796 443 ordinatim
810 381 969 461 dispositae
984 385 1118 446 minores

145 486 279 529 summae
301 469 330 528 in
353 467 411 528 boc
427 485 552 529 numero
569 475 597 528 et
619 485 709 545 super
724 484 756 526 se
770 469 850 545 ipsas
865 474 1056 528 coacervatae
1072 487 1119 530 se·

145 553 247 632 quenti
262 554 361 613 minus
376 570 436 612 uuo
452 569 572 629 semper
588 560 762 630 aequentur.
794 551 824 612 Si
847 553 924 612 euim
941 570 1034 613 unum
1050 554 1117 615 iun·

119 649 132 690 5
146 655 198 716 gas
213 636 275 706 bis,
294 639 345 716 qui
360 644 533 715 sequuntur,
551 635 680 704 duobus,
697 637 771 697 liunt
787 636 855 706 ·lll·,
871 637 901 696 id
918 645 971 704 est,
990 637 1040 715 qui
1055 656 1117 698 uno

144 724 243 783 minus
264 723 455 801 quaternario
477 721 597 791 cadant,
621 728 650 781 et
665 722 690 781 si
705 721 909 800 superioribus
924 720 1015 781 addas
1031 722 1117 792 ·llll·‚

144 814 213 868 sunt
230 806 316 878 ·Vll·,
343 807 393 884 qui
409 806 446 867 ab
462 806 615 867 octonario
631 813 773 884 sequente
788 805 849 866 sola
865 806 977 865 unitate
992 807 1118 868 vincun-

144 900 204 952 tur.
235 892 294 952 Sed
321 893 346 949 si
373 891 494 950 eosdem
517 889 611 949 titl-
628 889 805 968 supradictis
820 890 1005 958 adiunxeris,
1031 889 1116 950 ·XV·

145 977 230 1045 fient,
247 977 298 1055 qni
309 993 363 1053 par
381 973 464 1034 ·XVl·
479 975 595 1035 numeri
608 975 748 1035 existeret
762 976 931 1051 quantitati,
949 975 1005 1034 nisi
1017 977 1118 1037 minor

106 1063 242 1122 saunitas
263 1059 419 1137 inpediret.
450 1059 513 1120 Hoc
534 1066 632 1119 autem
653 1059 748 1136 prima
765 1059 850 1119 etiam
875 1061 992 1119 numeri
1007 1077 1117 1138 proge-

145 1149 210 1206 nies
231 1152 328 1204 servat
349 1151 437 1222 atque
458 1142 596 1204 custodit.
627 1142 760 1221 Namque
787 1145 897 1213 unius,
922 1161 996 1222 quae
1018 1145 1117 1223 prima

146 1236 204 1297 est,
227 1227 343 1289 dnobus
364 1227 613 1306 subsequentibus
633 1227 695 1287 sola
718 1236 763 1288 est
784 1229 896 1288 unitate
918 1230 1115 1298 contractior;

147 1311 225 1374 unde
240 1313 313 1373 nibil
329 1315 438 1373 mirum
454 1319 513 1383 est,
536 1320 629 1373 totum
646 1330 779 1373 summae
792 1320 975 1373 crementum
991 1313 1116 1390 proprio

147 1399 316 1459 consentire
332 1398 489 1474 principio.
520 1398 601 1458 Haec
622 1405 720 1458 autem
737 1396 823 1457 nobis
838 1396 1035 1458 consideratio
1052 1414 1115 1458 ma·

107 1483 224 1542 mxime
238 1483 374 1561 proderit
395 1485 426 1542 in
449 1482 494 1542 bis
516 1483 648 1542 numeris
670 1481 897 1559 cognoscendis,
920 1498 994 1559 quos
1008 1499 1115 1559 super·
1155 1557 1157 1564 Α

146 1567 222 1628 lluos
237 1567 284 1627 vel
298 1568 459 1628 inminutos
475 1566 683 1645 perfectosque
697 1565 939 1626 monstrabimus.
956 1564 1019 1626 Illic
1034 1568 1115 1627 enim

146 1659 319 1713 coacervata
335 1652 481 1730 quantitas
498 1654 625 1729 partium
643 1653 760 1711 numeri
779 1652 869 1711 totius
889 1652 1015 1711 termino
1032 1669 1115 1711 com·

145 1744 275 1813 paratur.

210 1820 283 1882 lllud
312 1838 429 1899 qnoque
455 1819 534 1881 nulla
556 1837 714 1898 possumus
739 1818 886 1879 oblivione
902 1818 1114 1888 transmittere,

104 1920 131 1960 ao
146 1905 224 1984 qnod
240 1907 271 1966 in
288 1906 346 1967 boc
361 1923 487 1966 numero
502 1903 753 1982 respondentibus
768 1903 824 1964 sibi
839 1905 963 1964 invicem
979 1904 1114 1982 partibus

146 1990 345 2069 multiplicatis
360 1991 454 2051 maior
469 1991 639 2050 extremitas
659 1989 790 2050 eiusdem
807 1990 925 2049 numeri
940 2005 1114 2066 summaque

145 2075 309 2137 coniicitur.
333 2075 370 2136 Et
384 2077 513 2155 primum
529 2075 554 2133 si
569 2091 657 2151 pares
672 2073 783 2134 luerint
798 2072 1008 2150 dispositiones
1023 2073 1114 2133 medii

144 2159 378 2237 multiplicantur
393 2167 480 2237 atque
496 2158 602 2219 deinde
618 2159 667 2238 qni
688 2176 778 2236 super
794 2159 874 2235 ipsos
890 2165 959 2218 sunt
975 2163 1004 2217 et
1017 2175 1114 2236 usque

145 2243 181 2304 ad
197 2244 383 2322 supradictas
398 2243 607 2303 extremitates.
640 2243 670 2302 Si
692 2243 769 2302 enim
786 2241 897 2303 luerint
911 2259 999 2320 pares
1014 2240 1113 2319 dispo·

104 2341 132 2382 00
145 2329 267 2387 sitiones
282 2327 446 2388 secundum
468 2333 604 2388 naturam
620 2327 700 2403 paris
715 2325 790 2388 duos
810 2328 839 2387 in
856 2326 953 2386 medio
970 2327 1113 2386 terminos
1136 2383 1144 2388 .

144 2411 352 2480 continebunt,
368 2413 445 2471 utin
463 2429 495 2471 ea
513 2411 705 2487 dispositione
721 2428 925 2480 numerorum,
941 2412 970 2470 in
987 2428 1045 2488 qua
1062 2428 1112 2471 cx·

143 2502 255 2557 tremus
271 2496 414 2557 terminus
431 2495 601 2557 -cxxvtu-
618 2495 728 2556 linitur.
758 2496 792 2557 ln
813 2495 870 2556 hoc
886 2496 965 2555 enim
986 2512 1112 2556 numero

142 2581 316 2641 medietates
336 2587 405 2640 sunt
423 2579 515 2640 ·Vlll·
533 2579 644 2641 scilicet
660 2588 691 2641 et
707 2580 805 2650 ·llVl·,
829 2581 949 2659 quaein
966 2597 997 2640 se
1014 2578 1112 2639 multi·

141 2663 267 2742 plicatae
289 2666 408 2726 maioris
430 2683 575 2726 summam
592 2675 745 2725 crescente
761 2664 928 2742 pluralitate
943 2664 1111 2725 conficient.

104 2749 243 2810 aoOcties
273 2750 350 2810 enim
383 2749 475 2810 ·XVl·
499 2749 544 2810 vel
570 2750 702 2811 sedecies
730 2749 839 2818 ·Vlll·,
872 2749 896 2808 si
923 2748 1110 2829 multiplices,

212 2920 225 2967 1
246 2919 421 2970 constantiae
442 2919 592 2970 divinitate
616 2934 646 2982 e,
664 2919 696 2981 b,
716 2919 737 2980 f;
757 2920 846 2969 eadem
863 2920 981 2969 comesu
999 2919 1025 2967 in
1046 2933 1112 2968 con·

142 2985 247 3035 stantia
266 2986 422 3037 divinitatis
440 2987 471 3048 d,
490 2987 646 3038 constantia
666 2985 693 3050 (0
705 3002 799 3037 rasura
810 2985 906 3050 deleto)
926 2986 1073 3036 divinitate
1087 3002 1113 3036 c.

140 3053 224 3102 4iun
246 3069 276 3104 es
300 3055 422 3104 unuani.
478 3057 658 3119 bsequantur
676 3070 699 3105 0.
756 3055 910 3117 dquatuor
928 3054 948 3103 1.
1014 3055 1112 3104 80010

142 3119 168 3182 (1,
187 3070 244 3188 111
273 3122 478 3188 quindecima,
497 3123 520 3186 l,
543 3138 570 3186 r,
590 3137 611 3171 0.
683 3121 786 3173 9fiunt
807 3138 831 3172 c.
860 3119 872 3188 11
895 3121 1070 3173 sextidecimi
1089 3137 1112 3172 c.

141 3183 150 3254 11
166 3191 274 3239 numeri
287 3191 367 3241 ·XVI·
381 3190 400 3239 1.
424 3187 435 3256 11
459 3190 625 3255 quantitatis
639 3205 671 3253 a,
691 3192 848 3254 quantitate
862 3190 894 3255 d,
908 3188 926 3240 1.
981 3192 1013 3241 10
1026 3191 1112 3241 etiam

141 3257 229 3321 prima
253 3258 326 3320 0,1,
351 3274 372 3308 s.
402 3253 414 3324 11
443 3259 589 3324 progenies
617 3260 724 3309 numeri
754 3274 774 3308 0.
874 3260 906 3307 12
929 3257 1112 3322 sequentibus

141 3326 232 3376 omisso
251 3326 300 3377 sub
319 3326 352 3391 b,
366 3325 397 3391 d,
416 3327 441 3390 1,
461 3325 480 3375 1.
551 3328 583 3376 16
600 3327 721 3377 minutos
740 3343 763 3376 c.
787 3323 799 3392 11
823 3325 1072 3377 demonstrabimus
1091 3327 1110 3380 1.

140 3389 148 3458 11
157 3393 199 3510 8ln
215 3392 271 3443 11110
292 3395 320 3457 (1,
340 3393 358 3444 1.
422 3397 454 3444 23
473 3394 537 3443 inde
559 3410 589 3458 a,
609 3395 640 3458 d,
659 3394 683 3457 1,
702 3394 720 3443 1.
774 3397 807 3445 24
824 3409 907 3459 peres
925 3395 1030 3445 fuerint
1049 3410 1072 3457 c,
1087 3410 1111 3445 s.

140 3465 155 3512 2
191 3467 254 3512 octo
273 3462 299 3514 d.
