2392 3922
144 137 183 199 14
449 135 543 188 INST.
561 135 715 189 nemum
733 136 760 198 1,
779 136 803 185 s.

142 325 273 368 summas
299 304 443 367 naturalis
463 313 506 366 est
526 306 626 366 sectio.
669 305 732 365 Hoc
754 311 798 364 est
819 312 916 365 autem
943 306 1115 383 exemplar:

143 401 174 451 ut
201 393 226 459 si
252 390 376 468 quilibet
397 390 482 450 datus
501 407 557 468 par
577 407 719 450 numerus
745 389 906 459 dividatur,
930 390 1024 449 maior
1045 395 1116 470 qui·

143 477 209 538 dem
231 485 372 555 quantum
394 474 429 535 ad
452 473 602 535 divisionis
623 475 716 553 spatia
737 491 797 533 non
817 475 998 542 invenietur,
1022 492 1115 552 quam

143 561 308 639 disgregata
338 558 496 629 medietas,
530 560 691 636 quantitate
720 575 790 619 vero
820 556 899 618 nulla
929 559 1027 619 minor
1058 571 1115 631 est,

117 663 230 722 squam
252 647 283 705 in
304 645 420 723 gemina
443 646 518 705 iacta
539 645 674 721 partitio;
696 651 741 711 ut,
766 644 790 703 si
809 660 864 722 par
879 658 1038 714 numerus,
1061 648 1115 722 qui

142 738 187 790 est
199 729 293 799 ·Vlll·,
310 728 455 789 dividatur
469 730 500 787 in
518 728 589 788 ·llll·
607 737 694 806 atque
706 728 779 788 alios
792 728 874 796 ·llll·,
892 726 970 787 nulla
988 730 1043 788 erit
1054 730 1115 791 alia

142 815 257 883 divisio,
280 832 355 893 quae
377 815 505 874 maiores
526 822 626 890 partes
648 813 770 880 eilvciat;
797 830 887 890 porro
909 818 1008 872 autem
1031 814 1115 875 nulla

117 900 198 959 ¹erit
225 898 280 959 alia
307 897 425 966 divisio,
457 915 532 975 quae
559 905 654 956 totum
675 914 833 957 numerum
860 897 976 956 minore
1003 896 1116 959 dividat

143 985 314 1064 quantitate.
344 983 377 1042 ln
394 982 467 1041 duas
483 980 560 1042 enim
582 987 682 1060 partes
698 981 838 1042 divisione
854 979 928 1040 nihil
943 982 1042 1042 minus
1058 993 1113 1044 est.

104 1069 214 1129 rodum
232 1069 310 1128 enim
327 1074 420 1126 totum
436 1068 502 1145 quis
517 1065 606 1125 luerit
620 1067 698 1126 trina
715 1065 857 1125 divisione
872 1065 1007 1143 partitus,
1025 1069 1114 1146 spatii

142 1152 262 1231 quidem
278 1168 392 1211 summa
408 1152 564 1218 minuitur,
582 1150 633 1210 sed
650 1167 795 1211 numerus
810 1150 961 1209 divisionis
976 1158 1113 1228 augetur.

142 1235 226 1304 Quod
243 1244 340 1296 autem
358 1235 467 1296 dictum
485 1244 543 1296 est:
560 1235 723 1295 secundum
740 1236 867 1295 duorum
883 1250 1026 1311 generum
1040 1252 1113 1296 con-

142 1321 248 1380 trarias
278 1321 444 1399 passiones,
475 1319 646 1380 huiusmodi
676 1327 733 1380 est:
770 1318 1000 1397 praedocuimus
1031 1321 1114 1380 enim

143 1405 335 1481 quantitatem
365 1406 396 1464 in
425 1405 554 1465 infinitas
582 1404 767 1483 pluralitates
793 1402 984 1472 adcrescere,
1015 1405 1113 1480 spatia

105 1504 129 1541 15
143 1506 226 1558 vero,
251 1488 280 1548 id
297 1497 342 1550 est
357 1490 576 1568 magnitudines
591 1489 620 1548 in
636 1488 849 1548 infinitissimas
872 1487 964 1547 minui
984 1489 1112 1563 parvita-

142 1583 186 1633 tes
202 1581 289 1650 atque
305 1573 372 1634 ideo
388 1574 436 1634 hic
452 1581 554 1635 contra
570 1574 674 1634 evenit.
704 1573 784 1633 Haeo
800 1588 928 1650 namque
942 1573 1023 1649 paris
1039 1571 1113 1633 divi·

143 1659 187 1717 sio
202 1658 297 1735 spatio
313 1666 358 1718 est
372 1660 513 1727 maxima,
530 1658 702 1737 parvissima
719 1658 891 1736 quantitate.

142 1849 207 1904 Atta
225 1849 381 1904 secundum
396 1851 586 1921 antiquiorem
601 1849 712 1904 modum
727 1847 826 1903 divisio
839 1850 925 1919 poris
946 1854 973 1902 et
988 1849 1112 1918 inparis.

206 1979 238 2038 V.
262 1979 431 2041 Secundum
453 1980 648 2059 antiquiorem
669 1997 739 2039 vero
755 1977 877 2039 modum
898 1977 954 2038 alia
971 1985 1015 2037 est
1030 1979 1111 2056 paris

102 2080 129 2118 20
143 2066 260 2124 numeri
281 2064 419 2125 definitio.
450 2064 507 2125 Par
527 2080 671 2124 numerus
692 2071 751 2131 est,
775 2063 824 2142 qui
846 2064 876 2122 in
899 2062 957 2122 duo
978 2063 1110 2141 aequalia

143 2149 216 2209 etin
232 2147 291 2208 duo
311 2149 479 2228 inaequalia
495 2149 683 2225 partitionem
700 2148 822 2224 recipit,
845 2145 896 2208 sed
913 2155 946 2208 ut
959 2147 990 2205 in
1005 2155 1110 2207 neutra

142 2232 284 2293 divisione
299 2231 345 2292 vel
357 2234 506 2310 inparitati
518 2233 627 2310 paritas
641 2230 686 2291 vel
699 2232 816 2308 paritati
830 2232 974 2310 inparitas
986 2233 1110 2292 miscea-

143 2326 204 2385 tur,
227 2324 345 2394 praeter
366 2314 462 2375 solum
482 2315 614 2393 paritatis
633 2315 814 2393 prinoipem,
836 2314 985 2376 binarium
1006 2333 1111 2375 nume·

142 2417 224 2468 rum,
247 2399 297 2477 qui
319 2400 349 2458 in
371 2398 523 2478 aequalem
547 2417 607 2459 non
628 2399 732 2478 recipit
751 2401 929 2470 sectionem,
951 2409 1111 2479 propterea

104 2499 128 2537 25
143 2482 222 2560 quod
245 2501 280 2543 ex
301 2481 416 2543 duabus
437 2483 597 2544 unitatibus
619 2490 732 2543 constat
754 2491 839 2544 etex
864 2485 961 2562 prima
983 2483 1112 2545 duorum

143 2567 361 2644 quodammodo
376 2569 511 2645 paritate.
535 2568 619 2640 Quod
635 2576 733 2628 autem
749 2567 825 2636 dico,
841 2568 899 2629 tale
915 2575 974 2629 est:
991 2569 1016 2627 si
1033 2570 1111 2629 enim

142 2661 270 2731 ponatur
291 2670 345 2732 par
367 2669 523 2722 numerus,
550 2661 647 2730 potest
666 2655 697 2712 in
719 2652 777 2713 duo
799 2652 930 2732 aequalia
952 2651 1056 2721 dividi,
1080 2661 1113 2712 ut

143 2735 282 2797 denarius
298 2736 436 2797 dividitur
452 2738 482 2797 in
498 2738 618 2814 quinos,
635 2754 725 2816 porro
741 2745 840 2799 autem
857 2745 886 2798 et
901 2755 955 2815 per
970 2738 1112 2815 inaequa-

141 2821 189 2890 lia,
206 2828 240 2882 ut
249 2820 327 2881 idem
340 2820 479 2882 denarius
491 2823 522 2882 in
536 2821 594 2882 ·lll·
612 2831 641 2882 et
655 2822 734 2892 ·Vll·,
752 2822 803 2883 sed
815 2822 872 2883 hoc
884 2821 982 2899 modo,
998 2828 1031 2883 ut
1043 2840 1112 2881 oum

211 2991 225 3038 1
243 2988 305 3040 Hoc
319 2993 411 3040 eutem
425 2994 480 3050 est,
499 2993 590 3042 omisso
608 2990 729 3041 vocabulo
748 2989 889 3055 exemplar
902 2989 927 3054 d,
942 2990 959 3042 l.
988 2989 1050 3040 Hoc
1063 3005 1112 3040 au-

142 3060 198 3106 tem
211 3057 352 3122 exemplar
370 3061 413 3108 est
425 3074 447 3107 r.
489 3057 744 3124 2quislibeta,s.
779 3058 928 3120 4site,d,
947 3058 965 3107 l.
1002 3059 1113 3122 liquot·

141 3128 203 3175 tuor
212 3140 264 3189 pro
283 3125 354 3176 ·1111·
367 3125 397 3188 d,
417 3130 548 3190 quattuor
561 3126 630 3177 etin
648 3124 717 3177 ·1111·
736 3141 757 3176 s.
780 3122 793 3192 ΙΙ
817 3123 888 3175 alies
907 3140 931 3175 o.
1001 3127 1033 3176 12
1046 3125 1112 3176 duo·

141 3207 200 3241 rum
217 3195 334 3243 correxit
351 3195 378 3242 in
395 3193 477 3243 duum
496 3209 522 3244 a.
593 3195 625 3244 15
643 3191 767 3244 infinitas
785 3193 805 3242 f.
863 3192 1112 3258 181nscrtprtonem

141 3275 188 3310 om.
207 3259 233 3311 d.
293 3262 326 3311 22
337 3260 383 3311 vel
395 3262 512 3327 paritati
528 3262 674 3327 imperitas
692 3260 738 3312 vei
761 3260 918 3326 imparitati
934 3262 1042 3325 parites
1060 3261 1081 3309 l.
1096 3258 1109 3324 Η

141 3325 187 3379 vel
210 3328 327 3392 paritati
348 3329 493 3394 imparitas
516 3332 543 3380 iu
565 3331 682 3395 margine
700 3331 835 3395 superiore
854 3327 879 3377 d.
950 3330 983 3379 25
1002 3332 1113 3380 constat

140 3395 295 3447 unitatibus
315 3395 334 3450 l.
405 3399 438 3447 27
457 3412 547 3462 aequa
565 3397 596 3459 b,
617 3397 678 3459 d,t.
735 3396 769 3447 28
786 3411 835 3460 per
854 3411 901 3450 om.
920 3396 945 3448 d.
1003 3398 1036 3446 29
1054 3401 1112 3446 tres

141 3468 168 3514 et
185 3468 291 3529 septem
310 3480 336 3528 r,
355 3468 412 3515 tres
429 3469 457 3514 et
474 3465 504 3513 in
522 3464 623 3516 ·V11·f.
