2392 3922
154 145 195 210 96
447 143 539 194 INS'l'.
557 141 708 193 ARITHM.
726 142 766 204 11,
787 144 827 192 12.

190 371 234 426 De
249 371 458 442 quadratorum
474 383 658 424 numerorum
672 369 858 437 ueneratione
874 382 1036 439 rursusque
1052 368 1088 423 de

424 457 426 468 '
506 468 604 508 eorum
625 450 773 506 lateribus

220 601 282 661 ΧΠ.
327 601 494 661 Nascuntur
514 607 612 660 autem
635 596 706 658 tales
727 598 843 657 numeri
859 615 892 656 ex
911 598 1054 658 naturalis
1070 615 1126 658 nu-

158 687 232 746 meri
245 687 445 762 dispositione,
460 701 519 744 non
534 682 780 760 quemadmodum
795 684 963 760 superiores
974 682 1124 760 trianguli,

132 788 145 828 o
161 778 191 830 ut
206 770 349 830 ordinatis
364 769 400 828 ad
415 786 447 828 se
462 769 588 827 invicem
604 766 737 826 numeris
752 774 980 844 congregentur,
997 766 1051 826 sed
1066 784 1125 826 unc

157 873 275 933 semper
296 854 479 920 intermisso,
511 853 562 930 qui
582 851 729 927 sequitur,
761 851 786 908 si
812 869 878 911 cum
900 852 1054 928 superiore
1082 850 1126 911 vel

157 937 361 1017 superioribus
383 935 553 1011 colligatur,
586 933 738 994 ordinatos
763 953 798 993 ex
825 953 856 994 se
878 935 1037 1013 quadratos
1062 934 1125 995 elii·

156 1025 244 1082 cient.
291 1023 469 1099 Disponatur
491 1021 568 1080 enim
592 1035 732 1078 numerus
754 1018 895 1078 naturalis
911 1019 969 1078 hoc
984 1019 1089 1079 modo:

212 1140 234 1200 l.
266 1140 300 1199 11.
331 1138 380 1198 lll.
411 1137 472 1198 llll.
503 1139 535 1197 V.
566 1136 611 1196 Vl.
643 1134 702 1195 Vll.
733 1135 805 1195 Vlll.
837 1135 922 1196 Vllll.
952 1135 988 1196 X.
1018 1135 1066 1196 xl.

119 1277 144 1316 ιο
221 1255 263 1314 Ex
279 1255 324 1314 bis
339 1256 429 1333 igitur
445 1257 469 1315 si
486 1273 576 1315 unum
592 1255 758 1331 respiciam,
776 1255 889 1331 primus
900 1253 972 1314 mihi
984 1261 1069 1314 natus
1082 1263 1127 1314 est

157 1346 301 1420 potestate
323 1339 492 1416 quadratus.
544 1339 629 1411 Quod
653 1340 677 1399 si
699 1355 758 1398 uno
778 1337 883 1398 relicto
899 1339 989 1416 priori
1003 1339 1124 1398 tertium

154 1427 281 1484 iunxero
303 1424 451 1484 secundus
474 1424 546 1483 mibi
569 1422 729 1502 quadratus
750 1422 886 1483 efficitur.
931 1423 1004 1482 Nam
1027 1424 1052 1483 si
1073 1424 1126 1482 uni

157 1507 260 1568 relicto
283 1507 398 1568 binario
420 1510 586 1568 ternarium
614 1507 795 1586 adposucro,
823 1508 1028 1585 quaternarius
1054 1505 1127 1566 mibi

156 1592 316 1669 quadratus
338 1594 478 1653 exoritur.
530 1592 614 1663 Quod
640 1594 664 1650 si
685 1609 789 1651 rursus
809 1590 912 1651 relicto
935 1591 1031 1651 medio
1052 1608 1125 1668 qua·

117 1696 143 1734 15
159 1677 287 1737 ternario
303 1677 469 1757 quinarium
487 1676 621 1737 similiter
637 1675 854 1753 adgregavere,
878 1675 1037 1752 quadratus
1053 1675 1126 1735 mihi

155 1762 274 1831 tertius,
305 1761 333 1821 id
363 1769 407 1822 est
434 1762 625 1828 novenarius,
657 1767 841 1838 procreatur.
887 1760 969 1821 Unus
995 1761 1072 1819 enini
1097 1768 1127 1818 et

156 1846 215 1906 ·lll·
248 1853 277 1906 et
305 1848 346 1905 ·V·
377 1846 472 1907 ·Vlill·
498 1845 647 1923 colligunt.
692 1845 728 1904 At
749 1861 820 1904 vero
840 1845 864 1902 si
889 1845 934 1903 bis
953 1845 1125 1904 intermisso

155 1931 270 1992 senario
293 1933 493 2009 septenarium
515 1931 633 2007 iungam
656 1935 716 1989 tota
732 1929 761 1987 in
778 1927 906 1988 sedecim
922 1946 1037 1988 summa
1054 1945 1125 1988 con-

154 2017 278 2083 crescit,
301 2015 329 2075 id
352 2022 397 2076 est
418 2017 515 2093 quarti
537 2014 672 2092 quadrati
699 2014 905 2073 numerositas,
950 2013 986 2072 Et
1008 2020 1040 2072 ut
1054 2011 1124 2071 bre-

116 2118 142 2157 ao
160 2102 233 2160 viter
249 2099 336 2160 huius
352 2100 446 2160 forma
462 2099 676 2176 procreationis
692 2105 842 2175 appareat,
859 2099 883 2156 si
896 2097 995 2156 cuncti
1006 2097 1126 2175 inpares

152 2183 269 2244 sibimet
296 2185 483 2262 adponuntur
513 2182 665 2243 conlocato
694 2180 808 2241 scilicet
832 2179 958 2241 naturali
989 2197 1124 2248 numero,

155 2268 366 2346 quadratorum
383 2267 456 2328 ordo
473 2274 597 2326 texetur.
635 2264 687 2324 Est
703 2266 789 2324 etiam
805 2267 835 2323 in
851 2264 897 2325 bis
912 2265 985 2325 baec
1002 2272 1125 2326 naturae

155 2351 301 2412 subtilitas
320 2362 349 2411 et
370 2349 550 2410 inmutabilis
565 2347 719 2417 ordinatio,
737 2349 814 2424 quod
831 2359 875 2409 tot
889 2351 1017 2409 unitates
1033 2366 1124 2409 unus·

154 2437 279 2514 quisque
306 2434 516 2511 quadratorum
542 2431 683 2492 retinebit
703 2434 733 2491 in
756 2432 863 2502 latere,
892 2435 993 2512 quanti
1016 2433 1125 2492 luerint

117 2534 143 2574 25
157 2520 273 2578 numeri
295 2518 331 2578 ad
352 2518 590 2578 coniunctionem
607 2519 758 2594 propriam
775 2519 956 2596 congregati.
1003 2517 1078 2578 Nam
1093 2517 1124 2575 in

154 2604 249 2680 primo
272 2602 430 2680 quadrato,
457 2603 597 2681 quoniam
619 2620 654 2660 ex
678 2619 736 2660 uno
752 2601 799 2671 lit,
823 2619 900 2663 unus
916 2602 1004 2662 estin
1021 2601 1123 2670 latere,

152 2686 343 2756 insecundo,
364 2686 394 2746 id
411 2694 457 2746 est
472 2687 675 2763 quaternario,
699 2688 838 2764 quoniam
855 2706 888 2746 cx
907 2703 965 2746 uno
984 2693 1014 2745 et
1028 2684 1124 2746 tribus

223 2875 234 2919 l
255 2872 378 2935 Inscript.
397 2887 443 2922 om.
458 2871 483 2920 d.
505 2867 518 2938 l}
538 2885 639 2935 genere
657 2870 677 2919 f.
701 2866 713 2937 ΙΙ
736 2874 764 2919 et
782 2885 875 2920 rursus
893 2871 912 2920 f.
964 2873 980 2921 3
998 2870 1123 2920 Noscan-

152 2943 197 2988 tur
215 2955 237 2987 r.
312 2941 327 2989 6
346 2938 391 2989 vel
411 2939 599 3005 superioribus
622 2954 668 2989 om.
688 2938 717 2999 d,
742 2938 788 2988 vel
811 2953 872 2988 cum
895 2938 1083 3003 superioribus
1103 2938 1123 2987 f.

152 3005 291 3056 'iesticiet
310 3023 342 3071 a,
363 3022 390 3067 c,
411 3007 433 3064 f,
453 3023 479 3069 r,
501 3022 521 3056 s.
576 3009 608 3055 12
625 3001 691 3072 uni]
710 3021 764 3055 uno
783 3021 813 3068 a,
835 3021 862 3068 c,
882 3005 912 3068 d,
932 3021 959 3070 r,
979 3020 1006 3066 ες
1025 3021 1081 3066 uno
1099 3012 1125 3054 et

150 3089 231 3137 cupra
250 3089 264 3123 ο
283 3075 294 3122 i
311 3075 337 3124 b.
417 3075 525 3124 14-15
550 3072 702 3137 quadratus
800 3088 990 3138 aggregavero
1013 3075 1039 3122 iu
1057 3089 1124 3124 mar-

150 3142 209 3203 piue
227 3142 352 3204 inferiore
370 3156 391 3192 r.
463 3144 494 3191 l'l
514 3145 570 3191 tres
591 3143 758 3204 ..quinque
779 3179 805 3192 ..
824 3156 922 3191 novem
941 3140 966 3200 d,
986 3141 1004 3192 f.
1029 3137 1040 3206 [l
1065 3140 1122 3191 col·

151 3208 248 3273 legunt
272 3225 302 3271 a,
327 3209 349 3270 1,
374 3224 395 3259 r.
435 3205 446 3275 il
487 3210 516 3258 in
542 3209 599 3271 his,
624 3209 652 3257 in
670 3210 784 3266 indricto,
811 3224 840 3270 a,
864 3224 958 3258 rasura
978 3210 1075 3272 deleto,
1101 3223 1123 3257 s,

151 3276 347 3326 mutabilitas
371 3292 387 3326 a
411 3285 436 3327 et
458 3293 539 3341 cupra
557 3292 654 3326 uersum
671 3291 723 3326 aec.
742 3292 829 3325 manu:
853 3275 1013 3340 subtilitao3
1037 3277 1123 3326 stabi-

151 3342 217 3393 litas
236 3343 285 3394 vel
303 3344 445 3395 subtilitas
465 3361 493 3405 ος
519 3344 660 3394 subtilitas
683 3352 710 3393 et
726 3359 807 3407 supra
824 3360 936 3394 uersum:
963 3343 996 3392 In
1015 3342 1047 3394 al
1064 3348 1124 3393 sta-

150 3411 246 3462 bilitas
265 3413 296 3474 b,
316 3428 337 3460 r.
379 3410 384 3478 i
417 3411 556 3462 inmobilis
575 3428 605 3473 a,
625 3426 652 3474 c,
673 3426 701 3470 ες
731 3411 904 3462 inmutabilis
922 3419 1045 3476 utsupra
1063 3427 1121 3462 oer-

150 3495 203 3529 cuu
222 3484 250 3529 et
267 3479 372 3530 inmobi
383 3480 408 3531 is
426 3480 457 3538 b;
477 3477 655 3529 immutabilis
675 3494 695 3528 r.
