2392 3922
148 124 190 187 86
442 124 535 178 INST.
554 125 706 177 ARITHM.
726 125 766 186 11,
785 128 810 178 4.

148 368 192 423 Dc
208 383 266 438 por
287 383 317 422 se
339 373 490 423 constante
511 371 689 439 quontitate,
712 383 787 439 quoe
803 370 833 422 in
847 369 950 440 fipuris
965 374 1119 440 911111111-

149 456 190 533 cis
207 453 424 515 consideratur,⁸
444 455 472 507 in
494 469 549 524 quo
565 454 721 507 communis
741 455 816 508 ratio
838 456 961 507 omnium
975 457 1119 526 magnitu-

580 538 685 591 dicum.

208 684 270 745 llll.
287 684 366 743 llaec
380 683 496 762 quidem
506 684 542 743 de
555 684 725 760 quantitate,
735 700 821 760 quam
836 683 1000 743 secundum
1014 684 1050 743 ad
1067 683 1117 766 [i]

122 768 257 849 reliquid
283 766 485 846 speculamur,
514 767 712 845 adpraesens
735 768 810 827 diota
833 767 988 828 sufficiant.
1032 769 1120 829 Nunc

149 864 245 914 autem
268 854 298 911 in
321 854 376 912 hac
400 855 552 928 sequentia
569 851 712 928 quaedam
735 851 820 911 deca
843 854 1019 928 quantitate,
1042 871 1119 931 quae

148 957 201 1017 per
225 958 257 998 se
278 939 370 1015 ipsam
391 943 520 1004 constat,
549 935 703 1012 nequead
726 935 835 1013 aliquid
856 936 1001 1006 refertur,
1028 956 1118 1017 cxpe-

149 1023 241 1091 diam,
259 1039 334 1099 quae
349 1019 437 1079 nohis
453 1020 487 1077 ad
505 1037 539 1079 ea
556 1019 698 1096 prodesse
714 1023 841 1098 possint,
865 1039 941 1098 quae
961 1022 1119 1099 posthaec

148 1126 253 1167 rursus
274 1104 309 1164 de
331 1103 421 1164 relata
439 1103 475 1162 ad
491 1102 600 1181 aliquid
617 1106 777 1180 quantitate
794 1104 992 1166 tractabimus.
1032 1106 1120 1166 Amat

111 1206 135 1244 10
150 1193 227 1251 enim
244 1188 462 1267 quodammodo
478 1189 646 1249 matheseos
662 1188 823 1266 speculatio
841 1188 954 1250 alterna
966 1189 1117 1266 probatio·

147 1293 219 1335 num
236 1275 349 1334 ratione
366 1274 512 1332 constitui.
549 1272 633 1332 Nunc
649 1280 746 1333 autem
763 1273 849 1333 nobis
865 1274 901 1333 de
924 1275 969 1333 his
984 1278 1118 1335 numeris

148 1378 246 1419 sermo
261 1359 381 1417 futurus
397 1367 454 1426 est,
472 1359 522 1436 qui
538 1358 614 1417 circa
630 1358 741 1434 figuras
756 1359 953 1434 geometricas
969 1366 999 1418 et
1014 1376 1117 1419 earum

105 1508 108 1514 s
147 1444 239 1520 spatia
256 1442 521 1520 demensionesque
539 1452 706 1511 versamur,
729 1442 758 1501 id
775 1451 819 1501 est
834 1443 871 1502 de
886 1441 1046 1504 linearibus
1061 1463 1117 1504 nu·

147 1528 238 1586 meris
255 1534 284 1587 et
304 1527 340 1586 de
357 1525 588 1602 triangularibus
604 1525 649 1586 vel
665 1527 814 1604 quadratis
837 1528 1018 1604 ceterisque,
1041 1546 1118 1606 quos

109 1624 134 1664 15
148 1610 209 1672 sola
225 1611 327 1690 pandit
342 1610 428 1690 plana
445 1610 612 1679 demensio,
628 1628 684 1670 nec
700 1629 759 1669 non
776 1611 812 1670 de
827 1611 974 1689 inaequali
989 1610 1118 1672 laterum

148 1698 363 1775 compositione
380 1697 561 1764 coniunctis;
584 1696 620 1756 de
636 1693 736 1755 solidis
753 1697 856 1762 etiam,
880 1697 907 1755 id
925 1704 969 1755 est
990 1695 1072 1774 cyhis
1089 1706 1119 1757 et

148 1781 292 1859 sphericis
322 1778 366 1840 vel
388 1781 561 1859 pyramidis,
599 1779 748 1841 laterculis
771 1780 857 1840 etiam
878 1778 924 1839 vel
948 1779 1068 1856 tignulis
1089 1789 1119 1840 et

148 1867 263 1935 cuneis,
288 1884 363 1943 quae
384 1868 482 1925 omnia
505 1867 623 1944 quidem
640 1867 840 1941 geometricae
860 1865 1001 1942 propriae
1018 1868 1116 1924 consi·

148 1951 307 2012 durationis
337 1958 422 2019 sunt,
454 1949 506 2009 sed
533 1950 609 2010 sicut
633 1951 695 2026 ipsa
723 1951 903 2027 geometriae
930 1948 1052 2009 scientia
1079 1950 1117 2010 ab

114 2048 138 2087 20
152 2035 337 2095 arithmetica
358 2034 436 2093 velut
458 2033 584 2112 quadam
606 2033 706 2092 radice
728 2051 761 2093 ac
784 2042 877 2094 matre
897 2033 1043 2132 producta
1061 2043 1117 2103 est,

144 2122 184 2180 ita
201 2121 288 2180 etiam
306 2121 368 2179 eius
390 2119 553 2195 figurarum
576 2119 688 2178 semina
709 2118 861 2194 inprimis
881 2110 1014 2177 numeris
1035 2117 1117 2178 inre·

144 2205 257 2270 nimus,
286 2202 406 2280 planum
429 2202 574 2277 siquidem
597 2200 735 2269 lecimus,
763 2200 842 2278 quod
865 2219 969 2261 omnes
985 2202 1116 2283 discipli·

145 2305 199 2348 nas
214 2287 347 2346 haec't
303 2304 332 2345 m
335 2292 480 2363 terempta
497 2291 701 2353 consumeret,
724 2302 798 2362 quas
820 2286 940 2344 minime
956 2289 1115 2347 constituta

145 2372 288 2430 firmaret.
315 2370 379 2430 Hoc
395 2377 494 2429 autem
510 2367 752 2444 cognoscendum
769 2376 828 2436 est,
845 2368 923 2448 quod
940 2369 1015 2430 haec
1031 2374 1115 2450 signa

109 2466 136 2506 25
148 2471 357 2522 numerorum,
380 2471 454 2531 quae
475 2453 570 2530 posita
591 2460 674 2521 sunt,
698 2471 773 2532 quae
789 2471 869 2513 nunc
886 2471 1004 2533 quoque
1019 2455 1117 2516 homi-

145 2557 201 2599 nes
216 2541 246 2597 in
263 2555 445 2597 summarum
471 2537 673 2614 designatione
695 2538 883 2608 describunt,
906 2555 966 2597 non
989 2539 1117 2600 naturali

145 2623 327 2682 institutione
344 2621 468 2680 lormata
485 2628 562 2681 sunt.
593 2622 630 2681 Ut
646 2623 722 2681 enim
740 2623 865 2701 quinarii
881 2621 1046 2683 subiectam
1063 2642 1116 2683 no-

215 2806 421 2856 lTitulumont.
441 2805 469 2867 d3
493 2806 605 2871 Deper
627 2822 657 2857 se
771 2808 801 2856 in
822 2809 990 2871 quoom.b‚
1012 2825 1039 2872 c,
1060 2809 1118 2870 l‚r

147 2881 217 2936 ets,
236 2876 262 2923 in
281 2890 329 2939 quo
348 2874 472 2923 Tertium
491 2875 584 2924 thema
602 2875 709 2939 incipit.
784 2877 799 2924 2
819 2875 1010 2925 consideratur
1028 2893 1076 2926 om.
1095 2877 1115 2926 f.

146 2941 393 3023 depecularnusf.
452 2941 586 3007 'lipsad
645 2940 795 3006 9aliquid]
815 2942 929 3007 atiudf,
949 2943 966 2993 l.
1025 2947 1058 2995 1o
1078 2945 1117 2994 11

145 3012 321 3060 1111111111
340 3009 450 3058 alterna
470 3025 494 3059 1
553 3012 585 3060 13
604 3009 887 3074 dimensionesquec,
907 3010 933 3070 (1,
952 3010 970 3064 l
1031 3014 1064 3062 14
1082 3012 1116 3062 de

146 3085 206 3127 onte
225 3077 504 3142 triangularibusom.
524 3077 549 3125 d.
621 3079 653 3126 16
672 3078 788 3131 cubiss
864 3081 896 3128 17
915 3079 1074 3144 spericisr,
1093 3095 1115 3130 s.

147 3146 179 3195 18
197 3139 338 3210 propriae]
359 3145 482 3195 Fortasse
499 3132 630 3208 tepe'ndum
647 3145 765 3210 proprie
837 3147 868 3196 19
887 3148 1074 3210 geometricae
1089 3163 1114 3208 1,

147 3228 171 3267 c,
190 3227 253 3275 r‚s.
328 3215 361 3263 24
378 3211 576 3275 infirmaretb,
596 3229 624 3274 ο,
648 3227 703 3261 non
722 3212 845 3262 firmaret
863 3230 893 3274 1;
917 3212 1039 3265 firmaret
1055 3221 1117 3278 post

145 3281 174 3328 lit
176 3281 287 3342 ttroml;
312 3279 433 3330 firmaret
423 3282 544 3331 lodoico
568 3297 604 3330 ero
626 3296 694 3331 corr
713 3280 781 3332 inr.
868 3284 901 3331 25
925 3296 996 3346 quae
1016 3299 1062 3334 om.
1084 3297 1114 3345 a3

144 3365 226 3412 supro
243 3348 384 3410 uersumd,
405 3364 429 3405 r;
455 3351 558 3412 punctio
580 3348 737 3398 subnotatum
759 3347 785 3397 b.
810 3345 822 3412 ΙΙ
847 3354 911 3398 sunt
932 3352 1034 3413 punctis
1056 3351 1115 3400 aad·

144 3441 255 3483 notatum
273 3435 304 3497 b,
323 3437 405 3508 stunc
423 3432 448 3481 (1.
