2392 3922
156 155 218 219 114
450 156 543 209 rusr.
562 150 713 208 murum.
731 153 772 222 11,
790 154 831 210 sn.

155 326 301 405 aequalia,
327 327 379 387 sed
409 329 524 408 cunctis
552 325 774 405 inaequalibus,
807 328 939 404 quamvis
968 327 1060 388 solida
1086 331 1125 388 sit

153 412 261 489 ligura,
283 410 320 470 ab
343 411 518 490 aequalitate
544 410 609 490 cybi
636 410 809 488 longissime
839 411 950 472 distare
976 412 1123 473 videatur,

154 496 191 555 Hi
212 501 308 555 autem
331 502 414 564 sunt,
437 503 469 555 ut
490 497 515 554 si
536 496 601 575 quis
622 494 711 554 iaciat
732 495 777 555 bis
793 503 853 556 tres
869 504 990 572 quater,
1014 496 1058 556 vel
1076 504 1124 558 ter

155 586 295 656 quattuor
312 580 467 658 quinquies
491 588 519 639 et
542 578 596 639 alia
612 579 798 650 huiusmodi,
821 597 896 659 quae
912 598 966 658 per
982 582 1125 659 inaequa-

128 663 199 745 eles
221 665 384 741 spatiorum
412 664 521 740 gradus
549 662 744 740 inaequaliter
773 664 985 741 provebuntur.
1043 665 1127 726 Haec

154 752 250 808 autem
273 748 367 808 forma
385 749 498 810 Graeco
516 749 633 807 nomine
650 747 785 809 scalenos
801 755 930 809 vocatur.
975 749 1035 808 Nos
1053 768 1128 810 vero

154 832 308 910 gradatum
329 850 488 911 possumus
509 831 623 900 dicere,
651 832 730 910 quod
752 850 768 891 a
790 834 906 892 minore
934 832 1024 893 modo
1046 833 1125 893 velut

154 916 294 994 gradibus
315 926 429 977 crescat
445 917 480 976 ad
498 918 601 976 maius.
641 917 754 976 Vocant
779 925 877 976 autem
898 917 1022 977 eandem
1049 918 1125 992 figu-

153 1018 217 1060 ram
241 1001 346 1061 Graeci
367 999 484 1078 quidam
501 1000 695 1077 spheniscon;
721 1018 776 1060 nos
798 1007 895 1060 autem
912 1019 1039 1062 cuneum
1055 1019 1124 1079 pos·

29 1101 35 1106 ·
115 1101 254 1145 rosnmus
284 1084 392 1144 dicere.
447 1084 562 1144 Etenim
595 1100 668 1160 quos
698 1083 733 1143 ad
765 1083 927 1162 quamlibet
952 1084 1030 1145 illam
1059 1103 1125 1145 rem

153 1167 411 1245 constringendam
438 1185 549 1227 cuneos
570 1168 700 1228 formant
722 1186 817 1246 neque
843 1169 1004 1228 latitudinis
1026 1186 1127 1245 neque

152 1252 344 1327 longitudinis
363 1269 470 1333 neque
500 1251 659 1311 altitudinis
689 1251 789 1312 habita
819 1254 948 1321 ratione,
979 1260 1126 1329 quantum

153 1335 341 1396 commodum
370 1336 473 1404 luerit,
506 1343 617 1396 tanturn
645 1335 688 1396 vel
717 1335 862 1396 altitudini
889 1337 1045 1406 minuitur,
1078 1336 1124 1395 vel

154 1420 340 1480 crassitudini
367 1421 574 1498 profunditatis
601 1428 734 1498 augetur.
779 1422 874 1500 Atque
897 1421 972 1481 ideo·
990 1420 1046 1482 bos
1061 1421 1124 1499 ple-

115 1521 139 1560 15
153 1522 279 1583 rumque
300 1521 421 1564 necesse
444 1513 487 1565 est
508 1504 647 1565 omnibus
667 1504 802 1584 partibus
816 1505 1027 1583 inaequalibus
1042 1506 1127 1564 inve·

152 1589 220 1647 niri.
266 1586 390 1657 Quidam
412 1607 481 1648 vero
502 1588 557 1648 hos
573 1588 721 1648 bomiscos
737 1587 856 1656 vocant,
876 1590 905 1649 id
922 1596 966 1650 est
982 1590 1123 1667 quasdam

153 1673 265 1741 arulas,
289 1691 364 1751 quae
385 1674 415 1732 in
430 1673 529 1734 ionica
546 1673 686 1734 Graeciae
710 1673 852 1751 regione,
867 1681 899 1733 ut
923 1675 963 1732 ait
983 1673 1122 1733 Nicoma-

154 1757 242 1826 cbus,
258 1756 316 1817 hoc
332 1757 420 1817 modo
434 1757 579 1818 formatae
598 1757 734 1827 luerunt,
763 1763 794 1818 ut
809 1755 904 1837 neque
920 1757 1044 1818 altitudo
1059 1756 1127 1816 lati·

153 1842 246 1903 tudini
261 1859 357 1921 neque
372 1841 447 1904 haec
462 1841 638 1918 longitudini
654 1842 855 1902 convenirent.
880 1841 1008 1902 Vocatur
1023 1848 1124 1901 autem

114 1924 217 1987 eoaliis
239 1926 413 2004 quibusdam
435 1925 617 1994 nominibus,
646 1941 721 2003 quae
749 1943 828 1986 nunc
854 1927 991 2004 persequi
1018 1943 1123 2003 super·
1151 1952 1152 1958 ¹

153 2028 275 2070 vacuum
301 2011 507 2072 iudicavimus
552 2009 644 2086 Igitur
671 2008 738 2088 cybi
764 2009 937 2089 aequalibus
963 2027 995 2069 se
1021 2011 1125 2087 spatiis

153 2097 332 2174 porrigentis
348 2101 378 2155 et
393 2094 480 2155 huius
495 2094 618 2162 formae,
635 2111 722 2173 quam
740 2093 875 2162 diximus
892 2094 1011 2171 gradata
1025 2095 1123 2154 distri-

154 2180 273 2240 butione
300 2176 456 2257 dispositae
484 2176 655 2239 medietates
678 2186 759 2246 sunt,
789 2195 863 2254 quae
885 2195 982 2256 neque
1009 2180 1126 2237 cunctis

153 2263 288 2342 partibus
311 2260 448 2341 aequales
469 2270 550 2331 sunt,
572 2279 670 2341 neque
689 2261 826 2321 omnibus
841 2260 1026 2341 inaequales,
1050 2279 1127 2340 quos

221 2481 442 2545 nugamenta,
462 2495 483 2541 r,
503 2494 524 2529 s.
548 2476 560 2545 ll
582 2478 695 2532 videtur
713 2495 735 2529 s.
788 2483 804 2530 3
823 2484 914 2530 autem
933 2496 979 2532 om.
1000 2496 1021 2529 s.
1045 2476 1058 2546 ll
1080 2479 1125 2530 fa-

153 2548 217 2608 ciet,
239 2565 253 2597 e
272 2551 297 2597 in
317 2563 334 2597 a
350 2553 456 2606 mutato,
477 2563 501 2597 a.
572 2544 753 2613 4quottucr·]
781 2547 877 2599 ·ΙΙΙΙ-οῖ
902 2547 932 2610 d,
952 2563 974 2600 r.
1003 2545 1015 2613 ΙΙ
1045 2547 1124 2612 quin-

152 2611 247 2680 quies]
275 2614 321 2664 vel
368 2618 449 2664 ueter
474 2615 595 2678 quinque
620 2630 646 2667 a.
720 2615 736 2662 6
759 2611 904 2680 scalenos]
929 2614 1057 2664 scalenus
1080 2614 1124 2664 vel

151 2681 300 2748 squalenos
319 2630 368 2749 &ld
380 2679 458 2746 vero]
481 2685 612 2732 autema.
684 2681 855 2746 igradatim
874 2698 897 2734 c.
928 2679 939 2748 ΙΙ
968 2698 985 2732 a
1003 2699 1049 2735 om.
1071 2681 1123 2743 ο.ΙΙ

151 2747 238 2814 velut]
259 2749 305 2799 vel
324 2765 354 2810 a,
373 2749 405 2812 b;
431 2748 515 2800 velud
533 2749 558 2802 d.
629 2751 806 2814 duperiscon
825 2765 855 2813 a,
874 2764 901 2811 s;
926 2764 976 2813 spe
994 2749 1073 2799 iscon
1093 2765 1122 2804 ος

112 2832 121 2842 “
151 2816 299 2881 sphericon
318 2816 337 2870 f,
409 2819 440 2867 10
459 2813 540 2881 quos]
563 2832 623 2866 cum
643 2832 665 2869 s.
701 2813 712 2881 {l
746 2816 825 2866 illem
847 2833 895 2868 om.
914 2831 935 2865 s.
1006 2818 1037 2865 11
1061 2831 1124 2866 con-

152 2884 327 2948 fringendam
351 2899 376 2943 s,
401 2884 629 2934 conscribendam
654 2900 679 2934 e.
715 2880 727 2950 ss
760 2883 847 2949 Supra
870 2885 1004 2933 formant:
1029 2888 1124 2933 aucto-

151 2967 195 3001 res
215 2967 237 3006 s.
309 2953 340 3000 12
359 2949 479 3017 ratione]
500 2950 538 3003 In*
552 2954 664 3016 margine
684 2952 808 3015 inferiore
826 2953 844 3001 b
863 2953 952 3001 addit:
974 2952 1003 2999 in
1022 2949 1060 3003 el.
1079 2966 1125 2999 ra-

152 3020 228 3069 tione
246 3023 318 3068 eunt.
356 3019 411 3068 Sed
429 3025 563 3083 quantum
582 3024 634 3072 etc.
671 3022 702 3069 13
720 3023 828 3068 tantum
846 3035 891 3070 om.
910 3018 935 3071 d.
954 3014 965 3084 ll
981 3017 1125 3068 latitudini

153 3102 182 3151 c,
203 3086 228 3138 d.
274 3089 306 3136 14
325 3087 501 3151 profunditas
520 3082 544 3136 d.
574 3084 587 3153 ll
616 3090 753 3151 augetqur
771 3087 803 3139 F.
844 3088 876 3135 16
894 3087 1123 3150 bonisquos,qu

151 3157 177 3203 in
191 3168 205 3202 c
217 3159 311 3205 mutato
325 3170 354 3215 e;
367 3155 498 3204 boniscos
517 3169 544 3216 c;
564 3154 701 3204 bonosoos
714 3172 735 3204 r.
782 3156 890 3205 18-19
904 3152 1047 3202 altitudini
1066 3153 1125 3202 lon·

152 3220 248 3287 gitudo
267 3221 402 3285 necheco
420 3221 563 3271 latitudini
574 3222 605 3271 F.
660 3223 691 3271 19
706 3237 795 3285 neque
808 3218 890 3287 baec]
906 3236 957 3270 nec
975 3220 1046 3270 haec
1059 3235 1083 3279 c,
1098 3234 1123 3274 s;

152 3305 187 3338 ne
207 3303 278 3352 quae
296 3289 365 3339 haec
384 3287 408 3338 d.
433 3284 444 3353 ΙΙ
468 3289 539 3338 baec
557 3305 638 3353 supra
654 3300 752 3340 oeream
765 3305 790 3340 e.
814 3283 826 3356 ΙΙ
850 3289 1052 3351 conveniretis,
1066 3302 1088 3348 r,
1102 3301 1125 3338 s.

151 3358 183 3406 21
202 3356 388 3406 iudicabimus
401 3356 428 3416 b,
441 3356 463 3413 l;
482 3359 509 3406 in
526 3373 543 3405 a
561 3357 590 3406 bi
607 3358 705 3407 lineolis
717 3365 756 3407 est
768 3356 882 3414 oblitum
900 3355 1055 3405 iudicamus
1068 3354 1089 3418 f,
1103 3369 1124 3405 r.

150 3424 390 3489 utiporrigentur,
414 3430 532 3473 mutatum
555 3427 581 3474 in
599 3419 773 3489 porrigentes
794 3439 818 3476 a.
851 3419 863 3488 {l
897 3429 926 3473 et
943 3423 1024 3472 huius
1043 3437 1124 3485 supra

151 3507 249 3542 uersum
262 3507 287 3546 e.
338 3494 370 3543 23
383 3491 507 3555 positae,
520 3491 563 3542 dis
575 3507 611 3541 ere
622 3507 690 3542 corr.
702 3493 793 3542 addito
806 3507 832 3556 a,
846 3506 868 3541 r.
919 3493 953 3540 24
964 3505 1016 3540 nec
1031 3504 1055 3552 c,
1065 3489 1091 3550 d,
1104 3487 1123 3539 l.
