2392 3922
152 151 190 214 12
456 151 548 203 msa.
568 151 719 202 aemma.
738 152 765 214 1,
785 153 808 200 a.

150 323 347 389 astronomia,
364 320 548 381 inmobilium
565 321 727 399 geometria
744 320 877 379 doctrina
894 327 953 387 est;
977 317 1022 379 vel
1039 321 1119 397 quod

150 408 309 466 armonicis
341 404 592 466 modulationibus
620 413 716 465 motus
741 406 805 483 ipse
829 403 996 464 celebratur
1023 412 1118 464 astro·

149 510 225 551 rum.
249 491 347 561 Quare
363 497 479 550 constat
494 508 612 568 quoque
627 490 759 549 musicae
774 489 830 547 vim
848 496 995 548 astrorum
1012 506 1119 550 cursus

149 577 322 653 antiquitate
337 573 531 653 praecedere,
554 592 642 653 quam
663 591 807 650 superare
827 582 932 633 natura
954 574 1118 633 arithmeti-

124 677 213 719 ecam
231 658 352 719 dubium
369 677 428 718 non
445 668 504 727 est,
522 677 588 718 cum
604 657 766 736 prioribus,
784 676 871 736 quam
888 656 937 716 illa
950 664 1003 727 est,
1019 658 1119 719 videa·

148 754 196 804 tur
227 745 384 820 antiquior.
416 743 540 821 Proprie
571 753 669 803 tamen
698 744 762 820 ipsa
788 759 983 802 numerorum
1009 754 1118 804 natura

149 830 243 888 omnis
266 836 413 888 astrorum
436 845 541 888 cursus
563 829 720 904 omnisque
742 828 938 887 astronomica
955 829 1028 887 ratio
1046 845 1118 887 con·

149 915 247 973 stituta
270 920 323 972 est.
366 912 414 971 Sic
430 907 519 971 'enim
547 919 630 970 ortus
656 928 837 988 occasusque
864 909 1045 988 colligimus,
1073 914 1118 973 sic

149 998 302 1056 tarditates
328 995 556 1073 velocitatesque
585 997 746 1055 errantium
772 995 902 1055 siderum
925 996 1118 1066 custodimus

110 1102 134 1139 ro
148 1083 190 1141 sic
213 1081 346 1140 deiectus
367 1088 396 1139 et
416 1079 592 1155 multiplices
613 1079 700 1139 lutrae
720 1080 896 1140 variationes
917 1082 1115 1157 agnoscimus,

148 1166 263 1236 Quiane,
287 1166 426 1243 quoniam
448 1165 546 1242 prior,
570 1173 602 1223 ut
623 1164 741 1232 claruit,
769 1164 973 1224 arithmeticae
999 1166 1041 1224 vis
1063 1173 1118 1234 est,

149 1251 218 1309 hinc
234 1249 438 1327 disputationis
454 1266 604 1309 sumamus
621 1248 784 1309 exordium.

453 1438 497 1494 Dc
512 1439 673 1494 substantio
688 1442 810 1495 aedmeri.

210 1585 245 1645 ll.
287 1585 392 1645 Omnia
419 1602 614 1663 quaecunque
647 1605 662 1645 a
690 1587 838 1663 primaeva
866 1603 967 1646 rerum
1010 1594 1115 1647 natura

108 1688 132 1726 aa
147 1679 315 1730 constructa
343 1678 426 1738 sunt,
454 1687 648 1730 numerorum
676 1671 811 1730 videntur
837 1672 953 1731 ratione
980 1670 1114 1732 formata.

145 1754 208 1813 lloc
236 1755 315 1814 enim
345 1753 400 1813 luit
429 1753 592 1831 principale
628 1757 657 1814 in
688 1756 787 1814 animo
817 1754 979 1814 conditoris
1015 1773 1114 1816 exem·

146 1837 219 1915 plar.
257 1838 332 1898 Hinc
360 1838 436 1899 enim
459 1845 598 1916 quattuor
624 1836 839 1900 elementorum
865 1837 1021 1899 multitudo
1049 1858 1114 1900 mu-

145 1930 222 1982 tuata
254 1930 313 1990 est,
348 1923 418 1982 hinc
447 1930 616 1999 temporum
652 1924 745 1993 vices,
783 1924 851 1983 binc
887 1933 984 1984 motus
1019 1931 1114 1985 astro·

145 2025 210 2067 rum
238 2006 370 2085 caelique
399 2009 563 2067 conversio.
609 2008 690 2079 Quae
717 2026 783 2067 cum
816 2008 854 2068 ita
881 2009 954 2076 sint,
981 2024 1112 2086 cumque

106 2093 278 2154 nomnium
304 2100 395 2151 status
421 2109 615 2151 numerorum
641 2091 830 2168 colligatione
856 2093 1010 2170 iungatur,
1044 2111 1113 2155 cum

144 2193 262 2254 quoque
278 2193 435 2236 numerum
452 2193 574 2236 necesse
596 2184 640 2236 est
660 2178 690 2235 ln
706 2178 826 2254 propria
844 2194 963 2254 semper
979 2195 1044 2238 sese
1059 2177 1112 2239 ba·

144 2259 264 2318 bentem
279 2258 440 2335 aequaliter
456 2258 619 2320 substantia
634 2267 826 2338 permanete,
843 2279 972 2341 eumque
990 2280 1113 2342 compo·

144 2344 231 2402 situm
253 2359 313 2401 non
337 2361 372 2401 ex
395 2342 518 2402 diversis
533 2378 575 2388 —
591 2345 660 2420 quid
684 2345 762 2405 enirn
784 2347 902 2406 numeri
918 2344 1112 2407 substantiam

144 2427 354 2504 coniungeret,
379 2444 444 2486 cum
465 2427 556 2504 ipsius
577 2427 744 2507 exemplum
766 2439 871 2490 cuncta
893 2431 1056 2491 iunxisset?
1074 2466 1110 2476 -

105 2536 130 2573 aa
143 2509 194 2570 sed
211 2528 247 2570 ex
263 2527 294 2570 se
309 2511 374 2587 ipso
391 2511 587 2574 videturesse
609 2516 798 2591 compositus,
830 2515 924 2574 Porro
946 2522 1043 2575 autem
1065 2517 1112 2576 nl·

143 2594 184 2654 hil
200 2614 235 2655 ex
251 2594 395 2655 similibus
411 2598 548 2673 componi
565 2597 698 2666 videtur,'
719 2616 775 2658 nec
797 2616 831 2659 ex
856 2599 916 2669 bis,
939 2617 1015 2677 quae
1031 2598 1111 2661 nulla

144 2680 264 2740 rationis
286 2681 480 2758 proportione
501 2682 665 2760 iunguntur
686 2691 715 2743 et
739 2701 756 2742 a
781 2701 813 2742 se
840 2685 920 2744 omni
946 2684 1112 2746 substantia

143 2772 307 2843 naturaque
323 2763 449 2825 discreta
464 2772 541 2826 sunt.
573 2765 692 2828 Constat
712 2783 799 2843 ergo,
826 2770 965 2846 quoniam
988 2770 1114 2830 coniun-

144 2856 209 2908 ctus
237 2856 281 2908 est
304 2867 461 2919 numerus,
489 2868 585 2929 neque
612 2869 648 2911 ex
668 2851 812 2911 similibus
833 2871 899 2914 esse
920 2853 1111 2915 coniunctum

104 2955 129 2994 eo
146 2950 241 3010 neque
258 2951 291 2992 ex
309 2933 368 3004 his,
385 2951 460 3013 quae
476 2934 511 2994 ad
528 2951 559 2995 se
575 2935 700 2997 invicem
716 2935 794 2996 nulla
812 2939 926 2998 ratione
940 2939 1115 3017 proportio·

212 3137 224 3184 1
245 3137 415 3201 geometrica
430 3152 453 3198 o,
467 3136 498 3199 d,
513 3137 532 3200 f,
546 3154 573 3199 r;
592 3140 618 3188 in
631 3138 641 3188 l
655 3154 669 3188 o
681 3155 776 3189 rasura
794 3141 908 3192 deletum.
978 3141 995 3190 4
1012 3155 1110 3204 proce·

142 3202 207 3252 dere
222 3218 246 3252 a.
293 3204 732 3270 dantiquiorvidoatura,o‚f,
746 3222 767 3259 ε.
797 3203 809 3272 ll
837 3207 941 3272 inipso
954 3209 974 3260 f.
1019 3210 1051 3260 13
1064 3208 1112 3257 In·

140 3273 303 3334 scriptionem
314 3275 427 3322 secundo
445 3289 531 3323 munus
549 3275 650 3324 addidit
667 3277 693 3324 in
706 3274 731 3326 d.
802 3277 836 3325 20
853 3290 943 3326 rerum
956 3278 1077 3326 omnium
1090 3275 1111 3334 f,

142 3339 260 3387 omnium
278 3354 366 3390 rerum
385 3355 397 3390 ε
421 3337 432 3406 ΙΙ
456 3356 596 3392 numerum
616 3356 630 3390 o
653 3337 665 3408 ll
690 3342 855 3392 collectione
872 3359 895 3392 r.
965 3345 997 3393 26
1017 3361 1050 3395 ex
1067 3344 1112 3394 his

140 3422 186 3455 om.
199 3406 223 3468 13
243 3409 268 3455 in
285 3410 398 3472 marpine
411 3410 471 3458 add.
486 3408 511 3458 d.
546 3411 578 3460 27
594 3409 797 3474 coniunguntur
809 3411 830 3460 f.
865 3413 899 3461 30
911 3427 941 3461 se
955 3411 1027 3465 add.
1041 3408 1053 3478 Η
1065 3428 1108 3461 ro·

139 3475 223 3540 tioni,
238 3489 250 3524 s
268 3491 362 3526 austero
380 3478 475 3535 deleto,
490 3492 513 3526 o.
