2392 3922
280 148 373 201 INST.
392 147 549 199 ARITHM.
567 148 597 209 1,
616 146 834 198 PRAEFATIO.
1022 145 1042 210 5

72 322 218 382 brevitate
239 318 344 395 collegi
366 326 395 379 et
417 336 492 396 quae
508 324 677 378 transcursa
695 317 823 377 velocius
839 319 1041 392 angustiorem

72 404 291 482 intellegentiae
311 403 502 480 praestabant
523 401 634 461 aditum
658 401 798 460 mediocri
814 402 976 462 adiectione
994 421 1040 462 rc·

72 490 182 558 seravi,
199 487 400 567 utaliquando
414 487 449 547 ad
461 485 637 546 evidentiam
651 503 749 546 rerum
763 488 870 546 nostris
881 490 968 546 etiam
983 487 1040 546 lor-

72 575 161 634 mulis
181 592 216 634 ac
238 570 489 651 descriptionibus
510 579 673 630 uteremur.
711 566 795 636 Quod
818 570 903 630 nobis
925 575 1041 651 quantis

71 659 175 736 vigiliis
191 676 226 718 ac
238 657 348 718 sudore
361 656 538 725 constiterit,
556 653 641 715 facile
654 653 773 714 sobrius
786 653 879 713 lector
893 667 1039 732 agnoscet.
1055 671 1068 710 a

72 743 145 804 Cum
161 743 251 821 igitur
268 747 408 819 quattuor
425 740 591 800 matheseos
606 737 827 816 disciplinarum
850 739 887 798 de
902 740 1041 800 arithme—

70 829 142 896 tica,
167 845 244 905 quae
260 835 306 885 est
321 825 431 901 prima,
448 823 682 902 perscriberem,
705 831 737 883 tu
753 830 867 884 tantum
885 823 991 901 dignus
1007 843 1041 884 eo

70 928 197 970 munere
212 909 367 977 videbare,
391 927 484 988 eoque
500 911 593 986 magis
609 910 739 969 inerrato
756 925 831 987 opus
847 925 911 967 esse
928 907 1041 968 intelle-

71 995 189 1072 gebam.
230 993 303 1054 Nam
323 995 376 1054 etsi
391 993 469 1072 apud
485 1001 514 1052 te
531 994 623 1053 facilis
644 995 747 1054 veniae
769 993 854 1053 locus
870 999 962 1060 esset,
991 993 1042 1052 ali·

72 1079 192 1156 quando
208 1087 306 1138 tamen
322 1079 415 1155 ipsam
432 1077 610 1138 formidabat
627 1078 794 1139 facilitatem
807 1086 944 1156 suspecta
956 1095 1041 1138 secu·
1056 1093 1080 1131 1u

70 1164 150 1224 ritas.
188 1162 361 1224 Arbitrabar
389 1165 466 1223 enim
489 1162 561 1222 nihil
584 1171 683 1224 tantae
703 1164 886 1233 reverentiae
909 1161 1040 1223 oblatum

68 1249 104 1308 iri
132 1256 286 1325 oportere,
314 1247 393 1327 quod
421 1265 482 1307 non
504 1246 687 1309 elaboratum
708 1234 846 1326 ingenid,
875 1247 1041 1326 perfectum

69 1332 182 1403 studio,
199 1332 321 1410 dignum
337 1340 489 1411 postremo
503 1339 586 1392 tauto
603 1335 662 1392 otio
679 1333 836 1393 videretur.
869 1331 935 1392 Non
951 1333 1041 1410 igitur

69 1416 202 1493 ambigo,
220 1419 291 1495 quin
307 1434 362 1493 pro
379 1427 429 1477 tua
440 1419 470 1476 in
483 1436 529 1478 me
544 1416 747 1478 benevolentia
760 1434 942 1495 supervacua
958 1434 1040 1477 rese-

69 1520 133 1570 ces,
152 1503 260 1562 hiantia
274 1501 425 1580 suppleas
444 1508 541 1562 errata
553 1502 771 1579 reprehendas,
789 1502 944 1560 commode
961 1500 1037 1561 dicta
1055 1513 1080 1553 15

69 1588 142 1646 mira
164 1588 252 1646 animi
274 1585 425 1646 alacritate
441 1588 593 1664 suscipias.
632 1588 715 1658 Quae
737 1603 785 1647 res
801 1585 908 1664 inpulit
924 1587 1040 1664 pigram

68 1670 182 1730 consilii
197 1688 323 1731 moram.
354 1671 466 1732 Nimius
482 1673 560 1731 enim
573 1671 648 1732 mihi
665 1672 778 1732 lructus
794 1671 938 1749 placitura
954 1673 1041 1732 resti·

66 1763 161 1815 tuent.
197 1755 272 1815 Novi
286 1757 412 1834 quippe,
436 1765 545 1834 quanto
562 1756 721 1817 studiosius
738 1765 839 1816 nostra
855 1773 944 1834 quam
962 1765 1040 1815 cete·

68 1855 174 1896 rorum
193 1836 271 1895 hona
294 1837 459 1915 diligamus.
497 1839 590 1899 Recte
607 1857 692 1916 ergo,
715 1843 796 1918 quasi
814 1857 922 1899 aureos
939 1839 1042 1899 Cereri

71 1919 186 1981 culmos
207 1926 236 1978 et
255 1926 388 1979 maturos
403 1921 519 1980 Baccho
535 1921 686 1999 palmites,
703 1925 745 1983 sie
760 1922 796 1981 ad
813 1923 925 1982 tenori
943 1924 1042 2000 operis
1056 1935 1082 1974 ro

70 2004 241 2064 rudimenta
259 2005 418 2064 transmisi.
455 2004 500 2064 Tu
520 2013 635 2064 tantum
651 2014 773 2084 paterna
790 2007 883 2082 gratia
907 2012 1041 2065 nostrum

68 2089 217 2167 provehas
238 2106 357 2150 munus.
389 2090 432 2149 lta
450 2096 479 2149 et
494 2088 604 2149 laboris
629 2090 686 2149 mei
707 2091 849 2169 primitias
874 2090 1043 2149 doctissimo

68 2173 179 2252 iudicio
195 2174 386 2235 consecrabis
398 2182 427 2234 et
438 2192 498 2234 non
511 2176 623 2235 maiore
636 2174 807 2236 censebitur
819 2183 923 2236 auctor
934 2175 1042 2235 merito

74 2276 162 2336 quam
178 2257 329 2337 probator.

345 2427 479 2491 Incipiunt
490 2431 604 2492 capitula
616 2429 674 2478 libri
685 2431 769 2493 primi.

171 2550 206 2605 l.v
222 2549 392 2613 Praemium,
410 2551 439 2604 in
456 2565 510 2623 quo
526 2549 620 2606 divisio
637 2551 846 2608 mathematicae.

158 2634 189 2689 ll.
225 2635 260 2690 lle
276 2633 426 2690 substantia
443 2636 557 2690 numeri.

138 2801 214 2849 1-3
233 2814 303 2862 quae
323 2839 329 2850 .
347 2833 373 2846 ..
393 2792 516 2851 res'eravi
535 2814 559 2849 c.
578 2802 605 2849 in
622 2804 736 2866 margine
754 2818 789 2852 ecc
807 2817 875 2851 corr.
930 2804 943 2851 1
963 2803 1039 2853 velo-

71 2867 122 2915 ciis
141 2882 168 2918 a.
238 2869 254 2917 3
272 2865 415 2931 aliquanto
436 2881 458 2916 e.
529 2868 545 2916 6
564 2865 632 2917 Cum
651 2868 735 2934 igitur
822 2868 998 2920 arithmetica
1016 2887 1038 2919 s.

69 2935 116 2983 his.
134 2931 146 2999 ΙΙ
169 2933 251 2983 ·IIII·
270 2950 293 2984 c.
350 2936 365 2983 7
384 2948 455 2998 quae
473 2938 517 2985 est
534 2935 623 3000 prima
640 2952 686 2988 orn.
706 2953 730 2986 c.
788 2940 803 2988 9
822 2937 947 2988 Nametsi
965 2935 1039 3001 (pren-

68 3009 108 3051 cto
131 3002 176 3051 snb
200 3001 329 3065 Nposito
347 3009 372 3051 et
396 3003 419 3052 Τ
441 3017 522 3066 supra
544 3004 658 3068 scripto)
685 3020 715 3067 a,
743 3006 867 3055 Tametsi
887 3006 906 3058 f.
943 3002 955 3071 ll
989 3004 1040 3054 ali-

67 3074 171 3132 quanto
190 3069 215 3128 h,
235 3084 257 3132 c,
271 3068 298 3133 d,
311 3069 330 3127 f,
343 3068 361 3132 l,
375 3085 395 3127 r,
408 3084 431 3123 s.
503 3072 535 3120 10
553 3073 642 3135 ipsum
661 3088 678 3122 a
693 3068 705 3139 ll
722 3072 892 3123 formidabat
910 3074 999 3138 ipsam
1019 3073 1039 3124 f.

68 3139 98 3185 11
123 3136 247 3187 oblatum
265 3138 306 3186 ire
330 3152 359 3198 a,
379 3137 407 3188 b.
430 3136 553 3187 oblaturi
571 3154 592 3187 r.
664 3142 695 3190 13
714 3155 859 3206 suppremo
884 3158 915 3202 a,
934 3158 958 3190 e.
995 3155 1039 3190 au-

57 3220 159 3268 .prem0
178 3204 198 3253 f.
263 3207 295 3255 16
316 3207 389 3254 mira
406 3220 453 3255 om.
478 3219 500 3257 c.
522 3221 548 3267 ες
577 3222 659 3270 supra
675 3223 774 3258 uersum
791 3210 868 3258 litura
887 3211 994 3260 deletum
1013 3208 1040 3269 d,

67 3275 229 3322 correctione
248 3273 360 3322 additum
378 3273 397 3325 l.
468 3274 501 3322 20
520 3277 548 3322 et
566 3289 612 3328 om.
632 3289 662 3333 c,
681 3291 702 3324 r.
772 3278 805 3326 23
828 3277 932 3326 minore
957 3276 989 3336 b,
1017 3290 1040 3323 c.

66 3341 100 3389 25
117 3340 241 3405 Explicit
263 3340 395 3406 prologus
417 3341 447 3389 in
468 3339 540 3389 libro
558 3340 659 3391 Boetii.
679 3357 703 3391 a.
773 3343 914 3406 Incipiunt
933 3359 981 3393 om,
1000 3343 1040 3404 ult

66 3407 132 3456 libri
150 3408 164 3456 I
182 3423 213 3469 a,
233 3423 257 3458 c.
281 3408 315 3458 de
336 3408 408 3458 libro
427 3409 515 3472 primo
534 3407 553 3456 f.
571 3405 583 3472 ΙΙ
599 3407 798 3472 inscriptionem
819 3425 869 3460 ont.
886 3411 918 3470 b,
935 3409 966 3470 d,
979 3408 1007 3468 t,
1021 3421 1049 3457 s.

66 3476 100 3524 26
119 3475 336 3525 mathematicae
355 3492 401 3526 om.
420 3492 446 3528 a.
