2392 3922
421 165 512 218 mar.
530 165 684 217 narratu.
702 166 729 230 1,
748 168 790 218 se.
1050 166 1091 232 63

200 336 248 396 lll.
286 335 331 396 Vl.
397 335 484 397 VlllI.
508 335 570 396 XII.
659 334 718 394 XV.
794 335 894 397 XVIll.
927 337 1002 400 XXI.

198 420 257 480 Vll.
287 420 375 481 XIIII.
399 421 473 481 XXI.
512 419 639 480 XXVlll.
663 419 775 480 XXXV.
798 419 884 481 XLII.
928 418 1066 485 XLVllll.

121 539 174 598 Sin
202 557 270 599 vero
291 557 394 600 omnes
422 540 451 599 in
481 539 618 599 ordinem
644 535 801 616 quadrupli
825 538 1031 616 disponantur,
1060 542 1090 603 hi

120 625 171 701 qui
187 623 328 685 naturalis
343 625 462 685 numeri
484 620 640 702 quadrupli
663 628 745 690 sunt,
768 628 801 681 ut
820 623 940 683 unitatis
961 625 1088 703 quadru-

118 707 200 788 plus
229 718 259 769 et
286 707 413 769 duorum
433 707 584 785 triumque
604 714 632 766 et
646 714 785 784 quattuor
807 713 895 784 atque
910 708 1036 785 quinarii
1062 720 1115 772 ets

120 802 290 854 ceterorum
306 810 371 852 sese
391 793 591 868 sequentium,
614 798 642 850 et
657 791 693 851 acl
710 808 761 852 eos
777 797 915 867 aptentur
930 810 946 852 a
961 809 1088 854 novena·

119 879 164 938 rio
192 894 320 939 numero
342 875 517 937 inchoantes
545 893 661 953 semper
687 893 752 937 sese
779 877 940 937 novenario
967 895 1089 955 praece·

120 961 240 1030 dentes,
268 968 339 1020 tuno
366 958 491 1038 duplicis
516 960 736 1039 sesquiquartae
764 961 968 1039 proportionis
994 961 1090 1024 torma

120 1051 247 1106 texetur.
724 1062 728 1072 ·

197 1163 258 1222 llll.
329 1162 400 1222 VIII.
472 1161 533 1223 XII.
627 1162 700 1223 XVI.
800 1163 861 1224 XX.
927 1163 1044 1226 XXIIII.
1099 1183 1124 1222 ro

197 1246 280 1307 VIlll.
325 1246 424 1307 XVIII.
469 1247 582 1308 XXVII.
628 1247 753 1308 XXXVI.
798 1248 882 1309 XLV.
927 1249 1014 1310 Lllll.

114 1365 155 1426 Ea
172 1383 242 1426 vero
257 1366 372 1444 species
394 1364 481 1426 huius
502 1367 636 1437 numeri,
662 1384 738 1445 quae
760 1374 805 1427 est
825 1366 931 1447 triplex
952 1368 1084 1449 sesqual-

114 1460 193 1519 tera,
209 1449 267 1510 hoo
282 1450 371 1511 modo
387 1459 577 1528 procreatur,
600 1452 626 1510 si
646 1449 841 1530 disponantur
861 1471 877 1512 a
899 1452 1013 1513 blnario
1030 1465 1084 1514 nu*

115 1553 198 1596 mero
214 1552 318 1595 omnes
339 1536 370 1595 in
392 1535 529 1597 ordinem
544 1553 633 1615 pares
648 1544 677 1597 et
693 1537 728 1596 ad
746 1555 797 1597 eos
813 1555 829 1596 a
846 1537 1013 1616 septenario
1029 1555 1083 1600 nu·

114 1637 198 1680 mero
223 1619 396 1680 inchoantes
422 1621 591 1700 septenarIo
621 1638 686 1682 sese
712 1621 971 1700 supergredientes
998 1621 1123 1684 solitors

115 1704 151 1764 ad
167 1703 342 1766 alterutrum
360 1706 591 1784 comparationis
607 1705 695 1766 modo
712 1714 858 1786 aptentur.

363 1823 398 1881 ll.
470 1823 531 1884 llll.
604 1823 649 1882 Vl.
723 1824 794 1884 VIII.

365 1906 425 1965 VII.
468 1907 558 1965 Xllll.
604 1906 678 1966 XXI.
722 1906 850 1966 XXVIII.

114 2023 147 2084 Si
174 2028 273 2083 autem
295 2040 311 2082 a
332 2024 462 2101 ternario
488 2040 612 2082 numero
640 2024 767 2100 ingressi
794 2030 916 2083 cunctos
942 2023 1085 2085 naturalis

113 2109 230 2169 numeri
246 2107 379 2185 triplices
395 2106 587 2186 disponamus
610 2113 640 2168 et
661 2109 703 2168 ets
724 2125 739 2167 a
755 2107 876 2167 denario
893 2125 1016 2168 numero
1032 2108 1082 2170 de·
1096 2125 1122 2166 so

113 2194 197 2254 nario
224 2210 291 2254 sese
315 2192 579 2271 supergredientes
600 2192 706 2253 ordine
726 2209 949 2270 comparemus,
980 2210 1084 2254 omnes

112 2276 245 2357 triplIces
261 2279 443 2356 sesquitertii
464 2278 493 2337 in
517 2296 550 2338 ea
567 2278 760 2338 terminorum
779 2279 998 2338 continuatione
1014 2296 1082 2357 pro·

109 2363 236 2424 venIent.

182 2552 194 2598 1
215 2548 292 2598 Hunc
313 2564 410 2599 versum
431 2550 568 2613 praecedit
590 2548 647 2598 iot
670 2550 770 2599 titulus:
801 2548 911 2613 Duplex
933 2551 1081 2615 sesquiter-

112 2617 177 2666 tius.
207 2617 220 2664 1
240 2619 268 2665 et
286 2618 301 2666 2
320 2617 426 2666 Numeri
443 2633 459 2666 a
478 2616 535 2667 ·III·
554 2623 580 2666 et
598 2617 665 2667 ·VII·
685 2618 817 2683 usquead
834 2616 900 2668 -XV·
919 2624 944 2667 et
962 2618 1079 2668 «XXXV

110 2686 137 2734 in
156 2682 173 2731 d
190 2686 217 2734 in
234 2687 347 2748 margine
366 2686 461 2735 dextro
479 2684 557 2735 rutro
575 2688 661 2735 colore
679 2686 763 2736 additi
778 2692 844 2737 sunt.
931 2687 947 2734 3
967 2684 997 2735 Si
1014 2701 1080 2736 vero

112 2768 142 2814 a,
161 2751 194 2815 b,
215 2766 242 2814 e,
261 2767 288 2814 r,
308 2768 329 2803 s.
422 2752 529 2803 5·1111·
549 2767 571 2801 c.
590 2752 713 2803 Fortasse
732 2754 875 2817 legendum:
899 2755 1079 2817 quaternarii.

110 2820 126 2868 6
144 2834 175 2869 se
194 2833 215 2870 s.
286 2821 301 2870 ‘l
320 2834 432 2870 numero
451 2836 498 2872 om.
518 2818 551 2882 d,
569 2818 589 2870 l.
613 2816 625 2886 ll
648 2820 812 2872 incohantes
830 2835 850 2869 s.
916 2822 932 2870 8
950 2824 1016 2869 tune
1034 2837 1080 2872 ont.

108 2886 133 2936 d.
158 2882 170 2952 ll
193 2887 391 2952 proposItionis
410 2887 434 2950 f,
454 2886 472 2938 l.
525 2890 558 2939 10
581 2889 657 2938 Hunc
675 2904 772 2938 uernam
788 2888 924 2952 praecedit
941 2889 967 2937 in
985 2887 998 2937 f
1020 2890 1080 2938 titu-

107 2957 163 3004 lus:
181 2955 292 3019 Duplex
310 2955 529 3021 sesquiquartus.
583 2956 616 3006 10
635 2960 663 3005 et
681 2959 720 3006 ll.
740 2957 796 3007 Duo
814 2956 841 3005 di
857 2970 945 3006 uersus
963 2958 1080 3021 conceptis

108 3025 220 3074 numeris
239 3023 363 3074 -xxtttt
383 3031 408 3074 et
427 3023 524 3074 ·LIIII·
543 3025 570 3074 in
587 3023 605 3073 d
623 3025 649 3073 in
666 3025 779 3088 margine
797 3024 923 3086 inferiore
940 3023 1018 3073 rubro
1037 3038 1078 3074 ce·

70 3094 163 3142 ‹lore
181 3098 239 3142 sunt
256 3092 348 3142 additi.
419 3093 451 3142 lli
464 3091 708 3157 supergredientes
726 3106 751 3141 a.
823 3092 854 3141 16
873 3090 1079 3153 conparationis

108 3157 188 3210 modo
207 3175 232 3210 a.
305 3159 336 3208 17
356 3163 384 3209 et
402 3161 434 3210 18
452 3160 535 3210 Iuncta
557 3161 603 3211 lios
620 3174 708 3211 uersus
726 3159 830 3210 additas
848 3165 887 3209 est
904 3161 930 3208 in
948 3156 961 3206 f
977 3157 1078 3208 titulus:

108 3226 223 3292 Triplex
241 3227 426 3292 sesqualtera.
496 3230 528 3278 19
546 3228 667 3293 ingressi
684 3243 730 3279 om.
744 3227 763 3278 f.
835 3229 868 3276 20
886 3224 1018 3288 ternario,
1037 3230 1079 3274 ter

108 3311 203 3344 rasura
216 3312 302 3360 paene
320 3298 417 3357 deleto,
439 3296 458 3344 f.
504 3294 627 3362 numero]
647 3311 728 3359 supra
740 3311 836 3346 uersum
848 3292 1011 3344 inchoantes
1023 3292 1050 3341 b.
1071 3288 1079 3356 ll

106 3365 216 3414 ottanum
234 3364 348 3414 denario
365 3380 413 3416 om.
428 3379 450 3417 e.
511 3363 625 3415 denario
643 3377 705 3413 sese
718 3378 829 3414 numero
844 3378 868 3412 a.
938 3360 970 3407 21
984 3372 1080 3423 super-

106 3430 268 3496 gredientes
287 3447 312 3485 a.
324 3427 336 3498 l]
349 3432 472 3483 ordinem
492 3432 513 3484 t.
565 3434 598 3481 22
617 3431 720 3480 ineam
737 3431 912 3480 terminorum
933 3425 1078 3474 continna-

106 3499 211 3550 tinnem
231 3501 249 3550 f.
278 3496 290 3565 ΙΙ
312 3500 481 3565 proveniunt
500 3515 529 3562 e,
549 3497 714 3564 pervenient
730 3512 799 3550 corr.
818 3487 1083 3559 representasset
